2782 4776
592 457 810 515 ..51-

234 631 286 694 Ex
301 630 468 712 principali
484 630 660 713 particulae
681 632 869 714 „qnoniam“
888 630 1120 713 significatione
1133 631 1230 696 etiarn

170 740 198 802 ei
225 738 286 802 loci
315 758 404 801 suam
431 737 535 802 lucem
562 737 734 820 accipiunt,
767 737 823 801 ubi
848 737 1037 820 ,quoniam“
1068 737 1111 802 ad
1133 738 1233 818 parti-

169 845 259 909 culae
274 844 460 925 temporalis
476 844 536 907 vim
553 844 717 926 adspirare
734 844 868 926 videtur,
893 844 950 908 sed
962 843 1086 909 videtur
1098 850 1234 910 tantum.

168 951 260 1016 facile
285 951 367 1015 enim
392 955 526 1033 apparet
550 951 646 1015 etiam
670 951 702 1014 in
727 951 882 1015 eiusmodi
899 951 978 1016 locis
996 951 1155 1016 causalem
1171 952 1232 1014 vim

168 1080 295 1122 manere
323 1058 531 1139 immutatam,
562 1056 638 1122 licet
661 1059 831 1123 vernaculo
856 1080 1002 1123 sermone
1025 1059 1232 1142 interpretari

168 1166 325 1230 soleamus
351 1164 560 1247 „nachdem“.
608 1170 643 1228 ut
671 1170 777 1229 autem
800 1165 913 1229 melius
941 1164 1234 1248 intellegaturque

168 1273 296 1336 tandem
331 1271 453 1335 ratione
488 1272 520 1334 in
554 1272 749 1335 transitionis
784 1272 926 1336 formulis
958 1272 1067 1336 sedem
1099 1293 1233 1353 occupa·

167 1379 245 1444 verit
282 1378 484 1463 ,quoniam“,
518 1378 598 1442 haec
632 1378 729 1443 verba
761 1379 895 1444 interest
934 1378 1073 1443 adscribi
1101 1379 1132 1445 d.
1157 1377 1232 1442 XII

170 1491 219 1569 14,
246 1491 278 1550 l:
306 1484 475 1569 „quoniam
492 1505 563 1549 meo
579 1485 705 1550 nomine
721 1485 798 1549 nihil
813 1486 921 1567 habes,
939 1492 1043 1551 mater
1058 1486 1231 1567 carissima,

167 1593 255 1677 quod
282 1598 315 1656 te
344 1592 377 1655 in
405 1591 544 1656 infinitas
573 1591 719 1656 lacrimas
743 1599 835 1675 agat,
866 1593 1023 1676 sequitur,
1057 1598 1094 1656 nt
1115 1613 1231 1658 causae

166 1707 240 1765 tuae
270 1706 303 1764 te
328 1700 502 1764 stimulent.
549 1705 623 1763 sunt
646 1704 754 1764 autem
778 1699 881 1764 duae“
907 1721 935 1764 e.
959 1722 990 1784 q.
1016 1721 1041 1766 s.
1093 1700 1231 1781 scriptor
1298 1754 1301 1758 Δ

165 1808 275 1891 paucis
292 1806 523 1888 complectitur,
549 1805 625 1888 quid
641 1805 783 1871 effecerit
799 1806 1001 1872 antecedenti
1014 1807 1230 1889 disputatione

166 1937 229 1997 qua
252 1913 400 1996 exposuit
423 1934 457 1977 se
481 1913 621 1977 exsulem
644 1913 739 1977 matri
763 1913 865 1978 dolori
888 1935 953 1978 non
976 1935 1056 1995 esse,
1085 1919 1121 1976 ut
1143 1912 1229 1976 haud

164 2023 271 2104 inepte
307 2019 400 2084 nobis
434 2026 557 2084 vertere
591 2020 687 2084 liceat
722 2020 928 2103 „nachdem“,
961 2019 1058 2085 modo
1082 2025 1230 2084 teneatur

164 2131 258 2194 etiam
281 2127 438 2192 hocloco
461 2127 636 2208 particulae
660 2127 721 2190 vim
742 2149 811 2192 esse
828 2150 914 2193 mere
931 2128 1099 2193 causalem.
1145 2149 1228 2192 nunc

164 2235 292 2318 adspice
331 2255 425 2315 <luam
457 2233 532 2296 nihil
564 2233 753 2298 discriminis
787 2235 965 2299 intercedat
1002 2234 1086 2299 hunc
1123 2234 1227 2297 locum

164 2342 247 2405 inter
275 2346 309 2404 et
336 2360 391 2403 eos
415 2338 529 2420 quibus
553 2361 572 2402 a
594 2340 701 2420 priore
725 2341 862 2422 quadam
887 2340 1111 2422 disputationis
1134 2345 1226 2422 parte

164 2447 290 2512 brevius
310 2446 464 2510 transitur
480 2445 520 2510 ad
537 2467 660 2527 novam,
684 2449 785 2511 velut:
811 2448 842 2511 d.
860 2447 897 2511 Π
917 2451 966 2529 10,
994 2451 1028 2511 l:
1056 2447 1226 2531 ,quoniam

163 2555 303 2636 priorem
337 2556 462 2635 partem
495 2553 723 2634 percurrimus,
759 2553 800 2616 ad
830 2554 964 2618 alteram
994 2555 1225 2618 transeamns“.

162 2661 211 2728 IV
231 2665 281 2741 lo,
310 2664 341 2722 l:
369 2660 538 2743 ,quoniam
562 2682 643 2743 quae
668 2661 707 2724 de
731 2661 780 2724 ira
796 2666 994 2743 quaeruntur
1009 2661 1225 2742 tractavimus,

163 2768 352 2832 accedamus
375 2766 416 2830 ad
433 2766 572 2830 remedia
588 2767 687 2833 eius“.
726 2767 795 2834 VH
812 2770 841 2849 5,
869 2771 900 2830 1:
927 2768 1095 2851 „quoniam
1112 2766 1224 2832 libera·

162 2874 234 2939 liter
257 2895 354 2956 agere
378 2873 481 2955 coepi,
508 2876 637 2955 potcst“
664 2896 691 2938 e.
716 2896 747 2956 q.
771 2894 797 2936 e.
837 2896 867 2941 n.
893 2875 986 2956 qul
1013 2880 1041 2956 7,
1068 2879 1100 2938 l:
1128 2897 1224 2959 „quo-

162 2982 254 3061 niam
280 2982 393 3062 impiis,
419 2981 491 3043 vitri
515 2980 617 3043 fecisti
640 2981 842 3060 mentionem,
867 3002 906 3043 ex
922 2979 1009 3069 [hoc]
1025 2982 1095 3065 ipso
1112 2988 1225 3046 contra

162 3095 192 3152 te
216 3093 436 3171 argumentum
461 3090 616 3151 sumam“.
655 3086 692 3151 Π
708 3093 739 3168 2,
766 3091 801 3150 l:
828 3088 997 3170 „quoniam
1014 3089 1078 3152 dixi
1099 3089 1138 3154 de
1154 3111 1223 3171 par-

162 3196 245 3260 tibus
271 3246 277 3259 .
304 3244 311 3258 .
338 3245 344 3258 .
377 3195 533 3276 quaedam
564 3195 596 3257 in
626 3214 791 3259 commune
821 3195 958 3259 dicenda
985 3199 1079 3259 sunt“
1105 3218 1131 3260 e.
1150 3218 1180 3278 q.
1198 3217 1223 3259 s.

162 3303 196 3366 H
221 3308 273 3384 22,
301 3307 335 3365 1:
370 3302 539 3383 „quoniam
563 3307 691 3364 constat
714 3306 882 3383 utramque
905 3324 972 3367 rem
995 3303 1119 3385 igneam
1143 3325 1223 3382 esse,

162 3410 340 3474 rideamus“
371 3431 398 3473 e.
424 3430 454 3490 q.
480 3430 504 3471 s
556 3408 652 3471 verbo
687 3408 855 3491 „constat“
888 3408 1022 3491 perfecti
1055 3410 1100 3472 vis
1130 3410 1222 3473 inest.

161 3516 209 3583 IV
231 3520 263 3598 4,
291 3519 322 3578 l:
350 3515 520 3599 „quoniam
541 3515 633 3596 coepi
656 3514 715 3578 tibi
737 3514 888 3579 molestus
912 3536 992 3597 esse,
1018 3517 1168 3599 quicquid
1191 3518 1222 3580 in

162 3622 220 3688 hoc
243 3624 316 3687 loco
341 3623 507 3704 quaeritur
527 3616 663 3688 dicant
695 3621 728 3688 V
747 3625 774 3701 1,
801 3626 834 3685 5:
862 3644 964 3706 „nnnc
981 3624 1023 3688 ad
1038 3624 1140 3706 ipsam
1155 3645 1223 3688 rem

161 3731 360 3809 accedanruS,
397 3729 545 3811 quoniam
575 3729 654 3792 satis
685 3729 724 3792 de
754 3729 892 3794 formula
922 3730 1118 3814 disputatum
1141 3734 1222 3796 est“.

160 3836 217 3902 hoc
240 3839 311 3902 loco
329 3835 452 3902 Seneca
474 3836 575 3899 utitur
598 3836 756 3919 particula
779 3837 981 3920 „quonian1“,
1004 3843 1040 3902 ut
1064 3861 1084 3902 a
1106 3839 1223 3922 digres-

161 3944 245 4009 sione
269 3944 310 4008 ad
333 3945 535 4026 propositum
557 3943 679 4008 redeat.
718 3943 802 4007 idem
818 3944 904 4008 cadit
920 3945 952 4008 in
969 3967 1018 4027 ep.
1035 3968 1077 4010 rn.
1097 3950 1146 4027 70,
1164 3951 1221 4025 22,

162 4053 232 4134 loo,
259 4054 316 4132 113
350 4056 424 4132 108,
452 4055 505 4132 173
539 4053 611 4132 108,
638 4054 697 4133 393
728 4054 801 4133 114,
827 4054 879 4115 24.
926 4073 997 4117 cum
1023 4074 1099 4117 vero
1122 4051 1221 4134 respi-

160 4159 261 4225 ciatur
296 4157 451 4223 eiusmodi
487 4157 662 4223 enuntiatis
696 4157 730 4221 id
764 4158 850 4240 quod
883 4159 917 4222 in
950 4159 1109 4244 prioribus
1143 4158 1222 4222 dixit

1007 4284 1044 4341 4*
