2782 4776
501 383 722 444 -15-

77 559 217 626 orationi
232 558 325 624 valde
341 579 410 623 esse
425 557 613 623 familiarem
624 556 809 639 Draegerus
826 554 1004 621 observavit
1019 554 1144 641 „Tacit

77 665 190 752 Synt.“
215 664 326 752 5233,
351 664 435 747 apud
453 663 609 730 Senecam
632 663 857 749 philosophum
880 663 905 727 si
932 662 1046 747 „quia“
1073 683 1146 727 con·

77 773 272 838 iunctionem
295 772 473 855 respexeris
496 771 605 836 novies
628 771 757 854 legitur:
786 769 919 853 „deinde
937 769 1029 853 quia“
1054 789 1145 853 prae-

78 880 213 944 cedente
242 878 432 944 substantivi
462 878 602 944 ablativo
632 900 663 942 n.
688 899 741 960 qu.
765 877 802 941 Π
827 880 878 959 10,
904 881 939 941 3:
976 876 1147 961 „inferiora

79 1008 208 1070 quoque
229 992 341 1069 tepent
356 987 492 1071 primum
507 991 666 1051 terrarum
682 984 794 1067 halitu,
818 983 873 1068 qui
888 983 1022 1048 multum
1038 1004 1147 1049 secum

79 1094 176 1159 calidi
198 1093 314 1176 adfert,
347 1093 461 1158 deinde
485 1094 560 1176 quia
582 1093 664 1158 radii
686 1092 763 1157 solis
786 1091 1001 1173 replicantur“
1027 1111 1054 1155 e.
1072 1113 1103 1174 q.
1120 1112 1145 1154 s.

80 1202 160 1285 „sed
188 1201 281 1285 (111111ιι
317 1222 446 1266 causam
476 1201 621 1285 negative
654 1220 837 1283 expressam
865 1199 996 1281 corrigit
1029 1198 1060 1262 d.
1092 1199 1147 1263 HI

80 1313 111 1390 9,
136 1310 174 1372 4:
213 1329 305 1392 „nam
341 1308 368 1372 si
400 1307 470 1390 quis
499 1328 637 1391 poenam
669 1307 767 1389 exigit
796 1327 861 1370 non
892 1306 991 1389 ipsius
1022 1326 1146 1389 poenae

78 1415 200 1497 avidus,
232 1415 289 1480 sed
313 1415 387 1498 quia
415 1420 554 1499 oportet,
585 1435 649 1479 non
672 1419 721 1480 est
744 1412 1000 1479 adnumerandus
1023 1413 1145 1478 iratis“.

79 1521 111 1585 d.
136 1520 192 1586 IX
211 1526 262 1603 17,
286 1527 323 1585 8:
352 1520 532 1607 „Liberque
555 1542 619 1586 non
643 1520 684 1587 0b
707 1521 866 1586 licentiam
890 1520 1016 1602 linguae
1042 1520 1147 1584 dictus

80 1633 131 1692 est
154 1628 300 1693 inventor
322 1628 395 1709 vini,
421 1629 479 1693 sed
502 1628 594 1711 1111111ιι
621 1649 649 1692 e.
666 1649 697 1710 q.
714 1648 740 1691 s.
771 1649 803 1691 n.
821 1648 873 1709 qu.
890 1625 941 1694 VI
958 1631 988 1709 9,
1006 1630 1042 1690 2ῑ
1069 1625 1147 1711 „sed

80 1755 148 1798 non
172 1732 214 1800 ob
237 1734 298 1799 hoc
320 1733 472 1816 iudicant,
502 1733 558 1799 sed
582 1733 674 1816 quia“
702 1755 729 1799 e.
753 1755 784 1816 q.
808 1754 833 1797 s.
869 1754 918 1816 ep.
941 1755 983 1797 m.
1010 1736 1062 1816 58,
1088 1736 1145 1796 36:

85 1863 171 1924 „non
194 1847 330 1924 propter
352 1841 457 1925 ipsum
481 1842 537 1925 (sc.
563 1840 721 1927 dolorem)
746 1878 788 1886 -
812 1839 869 1904 sed
893 1839 986 1922 quia“
1013 1861 1040 1905 e.
1066 1861 1095 1922 q.
1120 1861 1145 1904 s.

83 1946 123 2012 de
139 1946 211 2013 ben.
227 1947 279 2015 IV
298 1952 349 2030 18,
365 1953 401 2012 4:
426 1953 482 2034 „ut
495 1948 640 2032 ingratus
655 1948 779 2012 animus
794 1968 860 2010 non
876 1968 934 2030 per
950 1967 983 2011 se
999 1945 1146 2011 vitandus

82 2055 125 2117 sit
148 2093 192 2101 —
217 2054 272 2119 sed
297 2054 389 2137 quia“
416 2076 444 2119 e.
469 2075 500 2136 q.
525 2076 550 2119 s.
576 2055 606 2119 d.
631 2053 705 2118 XII
731 2056 759 2134 1,
787 2056 822 2118 4:
856 2075 940 2138 „non
962 2051 1080 2118 fiducia
1101 2053 1146 2117 in-

83 2160 168 2242 genii
190 2199 234 2207 —
258 2161 314 2226 sed
338 2161 431 2243 quia“
457 2183 485 2226 e.
503 2182 533 2244 q.
551 2183 576 2226 s.
601 2161 641 2226 dc
656 2161 729 2225 ben.
746 2160 798 2229 Vl
814 2164 867 2240 23,
885 2164 919 2223 2:
948 2181 1026 2246 „nec
1046 2158 1146 2225 imbe-

83 2265 216 2332 cillitate
243 2273 433 2349 permanent
455 2307 498 2315 —
523 2267 581 2332 sed
611 2267 703 2349 quia“
730 2289 758 2331 e.
782 2288 813 2349 q.
838 2288 862 2331 s.
894 2266 943 2330 bis
972 2265 1146 2349 deprehen-

83 2372 187 2437 dimus
213 2374 367 2459 „primum
385 2374 477 2457 quia“
497 2379 650 2457 sequente
667 2374 833 2438 enuntiato
851 2372 937 2456 quod
953 2373 1001 2437 sui
1018 2373 1147 2456 quidem

81 2480 160 2543 iuris
195 2486 261 2561 est,
295 2480 352 2546 sed
382 2502 455 2545 cum
487 2481 648 2566 prioribus
681 2503 740 2563 per
772 2479 926 2567 ,1111111111α
961 2480 1146 2545 cohaerens.

82 2607 133 2669 ep.
157 2607 199 2649 m.
226 2590 277 2669 69,
304 2590 338 2650 1:
375 2593 519 2670 „mutare
550 2594 583 2652 te
617 2588 689 2652 loca
723 2593 756 2651 et
790 2586 917 2652 aliunde
948 2587 1010 2652 alio
1042 2592 1146 2653 trans-

82 2692 168 2758 silire
191 2692 284 2757 nolo:
308 2694 445 2778 primum
468 2695 541 2777 quia
564 2700 632 2759 tam
654 2693 804 2777 frequens
826 2694 975 2777 migratio
991 2692 1148 2759 instabilis

82 2799 181 2864 animi
215 2805 274 2865 est.
310 2799 424 2866 deinde
453 2802 623 2884 plurimum
657 2800 798 2867 remedia
832 2801 1020 2866 continuata
1052 2798 1147 2882 profi-

83 2907 205 2973 ciunt“.
237 2929 286 2992 ep.
318 2931 360 2974 m.
393 2914 446 2992 67,
479 2913 515 2974 5:
550 2930 630 2996 „ego
662 2908 826 2974 dissentio.
859 2908 980 2991 quare?
1010 2909 1147 2991 primum

83 3017 159 3099 quia
188 3015 258 3080 fieri
287 3038 352 3081 non
381 3023 502 3100 potest,
534 3023 571 3082 ut
601 3018 708 3101 aliqua
737 3037 790 3081 res
820 3016 907 3081 bona
936 3016 1065 3100 quidem
1096 3017 1147 3098 sit,

83 3123 141 3188 sed
161 3122 310 3207 optabilis
330 3146 396 3189 non
416 3125 466 3190 sit.
489 3124 604 3190 deinde
625 3126 651 3190 si
665 3125 765 3188 virtus
782 3123 931 3206 optabilis
948 3129 1005 3200 est,
1026 3123 1148 3188 nullum

83 3236 192 3296 autem
219 3231 287 3296 sine
313 3232 431 3296 virtute
459 3232 579 3297 bonum
608 3237 671 3312 est,
704 3230 945 3297 omnebonum
973 3230 1144 3314 optabile.“

82 3337 116 3400 in
146 3337 273 3420 „quod“
305 3338 537 3403 coniunctionis
565 3359 634 3420 usu,
662 3343 699 3402 ut
726 3338 787 3402 hoc
811 3339 920 3402 statim
943 3337 1149 3421 comparandi

83 3463 182 3507 causa
203 3443 385 3528 adiungam,
407 3444 589 3510 liberiorem
612 3445 694 3509 hanc
717 3445 876 3509 rationem
899 3443 997 3509 semel
1022 3448 1148 3509 tantum

82 3550 221 3634 repperi.

173 3655 288 3721 Latius
303 3661 395 3740 patet
409 3657 437 3721 is
452 3678 538 3740 usus,
555 3678 619 3740 quo
634 3658 791 3741 particula
817 3656 930 3744 „quia“
949 3657 1147 3722 enuntiatum

82 3763 210 3829 causale
232 3763 440 3829 introducens
463 3764 506 3829 ad
529 3764 755 3848 praecedentia
778 3765 917 3830 refertur
941 3764 1146 3829 correlativa:

81 3871 116 3958 a)
141 3870 350 3954 quinquagies
378 3875 429 3935 ter
457 3871 616 3954 particula
648 3870 761 3954 „quia“
792 3876 919 3953 spectat
947 3871 988 3935 ad
1012 3870 1148 3936 correla-

81 3979 183 4043 tivum
208 3976 333 4062 „ide0“.
379 3983 415 4042 ut
439 3978 562 4062 aliquot
585 3978 700 4043 saltem
721 3978 812 4043 locos
836 3978 1025 4043 exscribam:
1055 3978 1086 4042 d.
1110 3975 1147 4040 X

83 4090 137 4168 16,
156 4089 193 4148 2:
220 4090 377 4168 „mortem
401 4106 496 4167 saepe
518 4085 593 4150 ideo
618 4090 743 4168 optant,
767 4085 842 4168 quia
857 4085 1003 4148 timent“.
1028 4083 1149 4147 dXH
