2782 4776
670 397 866 455 ..6-

233 567 337 631 silium
366 568 463 633 etiam
490 567 552 632 hoc
581 566 722 632 babebat
751 566 910 632 commodi
937 571 974 630 ut
1004 587 1043 630 ex
1070 567 1115 630 616
1139 588 1220 649 quae
1244 566 1304 631 alii

233 673 272 738 de
305 671 491 756 Quintiliani
522 674 635 737 harum
667 674 927 739 coniunctionum
951 695 1022 755 usu,
1047 673 1086 738 de
1117 672 1233 754 Taciti,
1259 672 1302 737 de

234 778 379 845 Suetonii
403 781 652 862 disputaverant,
677 781 708 845 in
733 802 837 845 meam
852 779 1040 846 observandi
1060 780 1218 845 rationem
1232 800 1303 844 non

232 886 308 950 nihil
330 886 452 950 fructus
476 886 682 951 redundaret.
714 908 786 951 nam
809 893 846 951 ut
869 887 902 950 iu
928 887 1109 950 universum
1130 885 1303 951 Kuehneri

232 994 459 1077 grammaticae
482 993 600 1059 latinae
616 993 773 1058 uberioris
798 993 872 1079 (vol.
888 993 926 1057 Π
941 999 1025 1075 part.
1044 999 1062 1057 2
1080 993 1129 1058 61.
1146 992 1301 1058 Hannov.

202 1185 204 1189 y
233 1122 261 1166 a.
281 1099 381 1186 1879)
404 1101 547 1164 rationes
569 1100 603 1164 in
627 1099 826 1182 disponenda
848 1099 984 1164 materia
1000 1106 1129 1164 secutus
1146 1121 1225 1180 sum,
1250 1100 1302 1165 ita

233 1207 278 1271 eis
295 1228 376 1289 quae
392 1207 426 1270 in
442 1206 575 1271 eandem
590 1228 658 1271 rem
675 1206 873 1289 collegerunt
889 1204 963 1272 Car.
981 1206 1135 1271 Reussius
1152 1206 1204 1286 (de
1221 1228 1300 1271 con-

232 1313 430 1377 iunctionum
443 1312 617 1377 causalium
630 1312 715 1394 apud
728 1312 876 1377 Tacitum
888 1335 947 1377 usu
959 1312 1036 1376 Hal.
1051 1311 1126 1377 Sax.
1140 1334 1168 1377 a.
1185 1313 1300 1398 1876),

232 1419 327 1483 Edm.
341 1417 548 1484 Guentherus
571 1418 625 1504 (de
650 1419 810 1484 coniunct.
828 1419 946 1483 causal.
963 1419 1050 1501 apud
1066 1416 1301 1501 Quintilianum

231 1547 291 1590 usu
306 1525 383 1590 Hal.
401 1521 476 1589 Sax.
493 1546 521 1590 a.
542 1525 652 1608 1881),
677 1525 771 1590 Aem.
796 1524 1036 1590 Trachmannus
1059 1524 1113 1610 (de
1137 1527 1300 1590 coniunct.

233 1632 351 1697 causal.
368 1631 455 1714 apud
471 1629 589 1697 Gaium
606 1630 797 1697 Suetonium
813 1632 1034 1714 Tranquillum
1049 1653 1108 1696 usu
1124 1631 1202 1697 Η61.
1220 1629 1299 1696 Sar.

232 1737 382 1825 61886)
406 1739 492 1803 hand
514 1739 719 1804 mediocriter
741 1760 791 1803 me
815 1738 960 1803 adiutum
983 1759 1053 1803 esse
1077 1744 1168 1820 grato
1193 1740 1300 1804 animo

232 1844 397 1928 profiteor.
427 1867 619 1928 quamquam
642 1867 704 1911 non
730 1845 839 1911 deesse
862 1845 954 1911 facile
977 1846 1153 1928 apparebit,
1182 1846 1300 1927 quibus

232 1973 251 2015 a
273 1952 324 2015 via
347 1971 442 2034 quam
464 1952 509 2015 illi
531 1952 671 2017 inierunt
693 1953 877 2017 recesserim
899 1973 963 2016 non
985 1953 1083 2017 modo
1101 1953 1188 2035 quod
1205 1975 1300 2017 suum

235 2059 370 2142 quisque
392 2058 557 2125 modulum
580 2060 714 2142 requirit
736 2046 874 2144 scriptor
897 2061 1028 2143 aliisque
1052 2060 1132 2126 aliae
1156 2083 1300 2127 succres-

233 2187 304 2231 cere
328 2166 432 2232 solent
456 2166 705 2250 observationes,
738 2167 795 2232 sed
823 2168 919 2233 etiam
952 2168 1039 2250 quod
1070 2169 1300 2250 grammaticae

231 2272 358 2338 illorum
389 2275 530 2338 rationes
563 2295 628 2339 non
658 2275 776 2356 ubique
805 2275 881 2338 mihi
910 2275 1068 2356 probatae
1099 2280 1199 2340 erant.
1240 2277 1301 2340 sed

233 2378 272 2444 16
287 2379 349 2443 hac
365 2379 493 2463 quidem
508 2401 543 2444 re
560 2401 659 2463 penes
683 2380 763 2445 alios
787 2381 940 2444 iudicium
965 2381 1035 2445 erit.
1061 2380 1196 2463 denique
1219 2381 1301 2446 libet

231 2487 423 2551 mentionem
455 2485 561 2552 facere
591 2485 759 2551 Schmalzii
791 2489 930 2572 syntaxis
956 2487 1074 2552 latinae
1099 2488 1300 2572 Nordlingae

232 2614 260 2657 a.
281 2595 365 2656 1885
389 2592 508 2674 publici
530 2593 608 2657 iuris
623 2593 737 2675 factae,
762 2615 857 2676 quam
874 2595 1001 2676 saepius
1016 2616 1082 2659 non
1098 2595 1163 2658 sine
1180 2595 1300 2659 emolu-

231 2703 340 2762 mento
370 2699 493 2781 inspexi
516 2698 577 2786 (Iv.
601 2698 751 2764 Muelleri
781 2699 986 2783 ,Handbucb
1009 2700 1040 2764 d.
1064 2699 1159 2764 klass.
1187 2698 1299 2765 Alter-

231 2804 397 2868 thumsw.“
422 2804 462 2868 ΙΙ
483 2827 515 2888 p.
541 2806 740 2892 alo-cer).

299 2907 380 2973 Oum
403 2932 503 2976 novae
524 2912 680 2977 librorum
695 2913 1001 2996 manuscriptorum
1018 2912 1204 2978 collationes
1220 2913 1299 2977 mibi

231 3036 294 3079 non
328 3022 458 3098 praesto
492 3023 607 3100 essent,
639 3019 672 3082 in
703 3019 854 3102 exemplis
889 3017 1069 3083 adferendis
1099 3019 1299 3083 Haasianam

232 3122 414 3206 editionem,
445 3145 540 3207 quam
562 3124 705 3189 Fickerti
735 3130 892 3208 apparatu
924 3127 1035 3191 critico
1063 3127 1157 3190 inniti
1184 3132 1299 3190 notum

232 3235 291 3311 est,
322 3229 452 3295 adhibui
475 3232 617 3314 exceptis
641 3233 686 3296 eis
709 3232 807 3311 libris,
840 3255 976 3316 quorum
1002 3234 1144 3299 recensio
1168 3235 1298 3298 interim

231 3337 445 3402 recentiorum
471 3339 634 3403 hominum
655 3339 821 3404 doctorum
838 3341 921 3405 curis
938 3339 979 3405 61
996 3341 1138 3406 saniores
1154 3342 1298 3407 rationes

230 3449 381 3509 revocata
405 3449 463 3509 661.
496 3444 651 3510 librorum
678 3447 775 3530 igitur
805 3447 864 3532 ,de
888 3446 1068 3511 1666116116α
1095 3453 1126 3511 61
1153 3448 1211 3532 ,de
1236 3447 1298 3513 cle-

230 3552 368 3617 1666116ιι
395 3551 535 3617 editione
565 3574 641 3617 usus
674 3573 743 3617 sum
772 3553 946 3619 aGertzio
978 3559 1091 3619 curata
1118 3553 1240 3633 (Berol.
1266 3577 1297 3620 a.

234 3658 333 3742 1878)
358 3657 562 3740 eiusdemque
593 3659 831 3743 ,dialogoruml‘
862 3661 1046 3725 recensione
1076 3682 1157 3743 quae
1187 3659 1298 3725 decem

231 3762 321 3826 anuis
344 3767 420 3845 post
443 3763 563 3845 prodiit
577 3765 737 3830 Hauniae.
772 3766 1117 3851 ,apocolocynthosin“
1144 3767 1238 3830 citavi
1254 3768 1298 3832 ad

231 3866 396 3932 Francisci
413 3867 604 3934 Buechelen'
627 3873 842 3938 recensionem
860 3873 1005 3939 Petronii
1029 3881 1208 3938 saturarum
1232 3874 1298 3938 611·-

231 3974 311 4039 tioni
332 3976 446 4041 tertiae
463 3976 622 4041 adiectam
639 3977 762 4063 (Berol.
780 4001 808 4044 6.
827 3980 938 4066 1882),
966 3981 1021 4063 qui
1044 3987 1199 4063 quantum
1221 4003 1298 4062 pro-

231 4079 325 4144 fuerit
341 4082 437 4147 etiam
454 4083 701 4168 „epistularum
718 4085 791 4149 crisi
807 4107 846 4149 ex
862 4092 932 4150 arte
944 4086 1138 4152 factitandae
1151 4087 1299 4168 epistulis
