2782 4776
665 401 886 461 ..24...

242 580 291 639 est
318 575 366 639 ita
391 573 516 640 vivendi
545 573 745 658 quibusdam,
782 595 848 639 non
875 575 950 658 quia
977 575 1097 658 aliquid
1129 576 1307 642 existiment

241 686 368 745 noctem
390 681 492 762 ipsam
515 679 634 744 habere
650 679 826 760 iucundius,
852 680 908 745 sed
932 682 1024 764 (111111ιι
1045 704 1071 746 a.
1089 703 1118 764 q.
1137 704 1161 748 s.
1210 683 1308 748 semel

242 809 338 852 causa
360 809 425 852 non
447 807 523 852 vcra
545 785 677 851 affertur
699 808 757 869 per
781 789 980 852 enuntiatum
1002 789 1146 870 pendens
1162 790 1202 855 ab
1223 812 1305 874 „non

241 894 309 975 ut“‚
334 894 492 976 particula
513 892 614 957 finali:
640 893 670 957 d.
693 893 745 961 IV
763 899 814 976 28,
840 898 878 957 5:
906 899 981 980 „aut
999 895 1165 961 dulcedine
1180 897 1306 961 urbani-

242 1001 319 1066 tatis
334 1000 504 1085 prolapsus
529 1006 587 1083 est,
610 1005 667 1065 aut
682 1000 758 1066 fecit
774 1001 904 1085 aliquid,
928 1024 994 1067 non
1010 1009 1046 1066 ut
1061 1003 1153 1068 nobis
1171 1003 1305 1086 obesset,

242 1107 299 1172 sed
323 1108 398 1191 quia
421 1107 573 1190 consequi
595 1107 684 1191 ipse“
711 1129 737 1172 e.
756 1129 786 1190 q.
803 1128 828 1172 a.

308 1214 425 1280 Restat
454 1220 491 1278 ut
522 1215 625 1280 dicam
654 1214 693 1279 de
726 1215 892 1281 enuntiato
926 1216 1013 1299 quod
1042 1238 1150 1282 veram
1179 1239 1307 1284 oausam

242 1321 386 1387 continet
414 1326 446 1386 et
472 1322 520 1386 ita
550 1322 735 1405 plerumque
762 1321 919 1387 formatur
944 1329 981 1387 ut
1003 1324 1142 1406 pendeat
1164 1324 1205 1389 ab
1233 1326 1308 1410 „sed

242 1429 348 1511 quia“.
394 1428 455 1492 hac
478 1429 604 1493 ratione
626 1429 660 1492 in
677 1426 820 1494 Senecae
843 1431 969 1513 scriptis
995 1430 1072 1514 „scd
1096 1431 1189 1514 qnia“
1210 1434 1305 1496 corri-

242 1534 337 1617 gandi
366 1555 463 1600 causa
491 1534 767 1619 undequadragies
791 1536 895 1600 inveni
917 1541 1116 1619 usurpatum.
1163 1540 1307 1621 exempla

241 1642 336 1706 modo
360 1642 462 1707 attulit
509 1642 607 1708 semel
626 1647 734 1708 autem
749 1665 825 1708 vera
841 1664 939 1709 causa
954 1644 1137 1726 adiungitur
1152 1667 1212 1727 per
1230 1647 1307 1730 „sed

242 1749 412 1831 quoniam“
438 1748 483 1835 (n.
509 1771 561 1832 qu.
586 1748 618 1816 V
645 1751 694 1831 17,
721 1749 770 1835 1);
801 1749 899 1814 semel
926 1770 984 1832 per
1015 1751 1091 1835 „sed
1113 1752 1181 1832 ut“‚
1210 1754 1307 1835 parti-

242 1855 346 1919 culam
367 1854 496 1920 finalem
520 1855 683 1942 ((1.ΠΙ6,
707 1859 755 1937 4);
781 1856 879 1921 semel
901 1877 960 1938 per
986 1857 1062 1941 „sed
1077 1860 1136 1921 ne“
1163 1857 1218 1944 (de
1234 1860 1304 1925 ben.

242 1961 292 2029 VI
309 1965 360 2043 25,
389 1963 435 2047 1)3
466 1962 564 2027 semel
590 1962 726 2026 infertur
747 1962 903 2028 brevitate
926 1964 1125 2028 memorabili
1148 1986 1208 2048 per
1234 1966 1302 2050 „in“

241 2069 513 2152 praepositionem
545 2090 618 2133 cum
647 2070 830 2134 accusativo
857 2070 1000 2134 iunctam
1024 2069 1070 2156 (d.
1094 2070 1164 2138 VH
1188 2077 1241 2154 26,
1272 2076 1304 2140 5:

245 2196 330 2259 „non
353 2176 428 2259 qnia
451 2175 528 2258 odit,
553 2176 609 2240 sed
630 2176 663 2240 in
686 2176 911 2262 remedium“);
936 2176 985 2241 bis
1007 2177 1181 2242 invenimus
1209 2179 1303 2265 „sed‘

242 2287 395 2365 sequente
430 2283 595 2347 enuntiato
630 2304 689 2364 per
723 2303 756 2348 sc
789 2284 910 2364 posito:
951 2283 982 2347 d.
1005 2283 1057 2351 IV
1082 2286 1112 2367 5,
1146 2289 1182 2348 2:
1212 2306 1306 2369 1,11011

243 2388 326 2451 enim
368 2390 442 2471 quia
485 2388 609 2471 accepit
650 2389 797 2452 iniuriam
834 2393 931 2453 nocet
970 2390 1029 2475 (so.
1060 2389 1201 2476 feritas),
1250 2391 1308 2456 sed

242 2499 357 2576 parata
381 2501 439 2576 est,
470 2494 545 2559 dum
568 2501 693 2575 noceat,
718 2495 767 2558 vel
791 2496 968 2577 acciperet
1004 2496 1076 2564 VII
1099 2501 1132 2579 9,
1158 2502 1194 2561 2:
1230 2520 1307 2582 „nec

242 2600 318 2683 quia
346 2601 494 2684 delectat,
527 2601 644 2683 placet,
677 2600 744 2683 sed,
775 2601 802 2665 si
829 2602 946 2685 placet,
976 2607 1008 2667 et
1036 2601 1208 2668 delectat“.
1256 2605 1306 2669 cui

242 2707 388 2789 exemplo
420 2708 481 2772 hoc
509 2707 629 2772 addere
655 2707 743 2772 iuvat
774 2707 871 2772 etiam
899 2708 961 2773 alia
988 2709 1232 2793 oausainsigne
1256 2732 1306 2793 ep.

242 2835 282 2879 m.
303 2816 376 2895 106,
402 2817 437 2878 l:
465 2813 607 2898 „tardius
630 2813 772 2878 rescribo
797 2813 838 2878 ad
862 2814 1013 2897 epistulas
1037 2810 1209 2897 tnas‚'n0n
1233 2817 1309 2899 quia

242 2918 406 2984 districtus
431 2920 694 3002 occupationibus
718 2941 801 2984 sum:
819 2959 861 2967 —
883 2920 966 2985 hanc
983 2922 1220 2986 excusationem
1232 2945 1307 2988 cave

243 3026 367 3092 audias:
396 3049 474 3093 vaco
498 3033 530 3091 et
554 3048 662 3092 omnes
686 3034 811 3110 vacant,
836 3028 890 3110 qui
912 3027 1030 3092 volunt.
1077 3030 1234 3094 neminem
1257 3052 1308 3095 res

243 3138 428 3216 sequuntur.
474 3135 536 3217 ipsi
566 3135 636 3199 illas
669 3136 892 3216 amplexantur
922 3139 954 3199 ct
987 3140 1208 3218 argumentum
1239 3158 1308 3202 esse

242 3239 404 3305 felicitatis
429 3241 670 3324 occupationem
693 3246 823 3324 putant:
853 3280 890 3287 -
916 3241 992 3324 quid
1017 3262 1091 3325 ergo
1115 3242 1183 3323 fuit,
1210 3265 1307 3326 quare

242 3369 308 3412 non
331 3349 476 3431 protinus
500 3349 710 3414 rescriberem
734 3350 773 3432 ei,
798 3348 837 3414 de
857 3371 920 3432 quo
939 3349 1138 3431 quaerebas?
1162 3349 1308 3416 veniebat

241 3455 274 3518 in
297 3461 483 3520 contextum
506 3456 610 3538 operis
633 3455 728 3520 mei“.
774 3461 946 3537 postquam
968 3455 1067 3537 igitur
1090 3477 1219 3521 causam
1241 3479 1307 3522 non

243 3582 349 3626 veram
373 3561 480 3626 attulit
504 3563 641 3644 scriptor
672 3583 756 3646 „non
780 3562 855 3644 quia
879 3609 938 3626 ...
970 3563 1072 3645 snm“‚
1102 3563 1308 3644 parenthesin

242 3667 405 3731 interserit
420 3666 610 3749 longiorem.
645 3689 709 3750 qua
724 3665 876 3733 adfinem
892 3667 1048 3750 perducta
1064 3666 1169 3733 denuo
1182 3671 1308 3751 quaerit

245 3773 342 3857 „quid
365 3794 441 3856 crgo
466 3772 525 3837 fuit
551 3824 557 3837 .
585 3823 591 3837 .
618 3823 625 3837 .
650 3774 845 3856 quaerebas“
879 3779 911 3839 et
933 3796 1017 3838 nunc
1042 3773 1169 3839 demum
1191 3776 1307 3841 iustam

244 3901 372 3945 causam
395 3881 485 3945 addit
508 3902 677 3964 veramque
700 3902 759 3963 per
785 3881 972 3963 „veniebat
988 3929 1017 3943 ..
1041 3881 1136 3946 meib

310 3986 558 4071 Coniunguntur
581 4010 657 4070 ergo
681 3993 718 4050 ut
738 3988 878 4053 breviter
894 4009 974 4070 quae
992 4009 1089 4070 supra
1105 3989 1307 4070 exposuimus

244 4094 508 4177 complectamur:

78 4260 243 4504 l-
