2782 4776
581 437 800 494 -20-

162 612 233 690 110,
264 612 317 671 15;
350 609 547 693 „contempsi
571 608 704 692 divitias,
730 632 795 675 non
821 609 895 691 quia
919 629 1144 691 supervacuae,
1170 608 1227 674 sed

160 716 235 797 quia
257 716 389 799 pusillae
418 716 524 779 sunt“.
557 716 763 780 indicativum
794 716 910 781 merito
944 715 1081 798 scriptor
1108 716 1225 798 posuit.

159 844 234 886 nam
258 821 385 887 divitiae
402 822 538 904 sapienti
554 829 629 886 sunt
645 844 869 905 supervacuae.
894 822 956 886 hoc
972 822 1074 886 solum
1089 828 1228 904 negatur

158 929 236 992 illud
267 929 412 1012 „divitias
441 951 510 994 esse
541 932 772 1012 6116611661166α
810 950 939 995 causam
970 950 1050 1010 6666,
1083 950 1141 993 cur
1173 951 1227 994 eas

159 1035 299 1117 scriptor
323 1037 560 1117 contempserit.
586 1037 688 1102 eidem
711 1037 828 1102 rationi
851 1036 1064 1102 adscribenda
1078 1036 1227 1100 videntur

156 1141 236 1206 haec
267 1143 423 1225 exempla:
460 1143 491 1207 d.
522 1142 591 1211 VH
622 1147 680 1223 24,
717 1147 750 1206 3:
789 1147 917 1226 „potest
950 1144 1059 1225 itaque
1090 1143 1226 1225 pecunia

158 1249 254 1313 etiarn
287 1250 372 1314 intra
405 1250 500 1314 limen
536 1271 626 1314 suum
658 1249 792 1314 diffundi
822 1255 854 1315 61
882 1249 1108 1315 liberalitatem
1139 1271 1225 1315 exer-

157 1378 240 1438 cere,
271 1378 352 1439 quae
384 1378 450 1421 non
474 1357 548 1439 quia
570 1357 678 1422 liberis
702 1357 847 1439 debetur,
880 1357 937 1422 sed
967 1357 1042 1440 quia
1073 1377 1093 1420 a
1122 1356 1223 1422 libero

156 1464 261 1527 animo
290 1462 514 1545 proficiscitur,
545 1464 592 1531 ita
621 1463 787 1529 nominata
810 1463 892 1528 est“.
926 1462 966 1528 de
989 1464 1061 1528 ben.
1085 1464 1104 1527 I
1129 1468 1158 1543 3,
1190 1470 1222 1527 7:

159 1591 255 1654 „ergo
286 1574 318 1634 et
347 1570 528 1635 Mercurius
558 1592 623 1635 una
652 1575 727 1652 stat,
758 1591 824 1635 non
855 1570 929 1652 quia
957 1568 1113 1635 beneficia
1139 1570 1222 1635 ratio

157 1676 357 1740 commendat
384 1677 435 1742 vel
463 1677 577 1757 orati0,
612 1676 667 1742 sed
697 1677 771 1758 quia
798 1677 915 1758 pictori
942 1677 989 1741 ita
1017 1677 1119 1740 visum
1142 1679 1221 1743 est“.

155 1782 207 1850 IV
230 1786 280 1863 16,
306 1785 337 1846 1;
366 1783 476 1867 „Idem
498 1785 553 1848 isti
575 1786 709 1868 gratiam
733 1783 852 1848 referre
874 1784 962 1867 ipsos
985 1783 1136 1864 fatentur,
1160 1804 1223 1847 non

157 1890 232 1972 quia
246 1890 417 1955 honestum
434 1897 492 1974 est,
515 1890 571 1954 sed
588 1891 662 1973 quia
677 1891 787 1955 utile“.
811 1890 862 1958 IV
880 1894 932 1972 36,
956 1895 989 1953 1;
1014 1891 1061 1974 „si
1076 1891 1221 1973 exiguum

156 2002 217 2078 661,
241 1996 335 2079 dabo,
364 2018 428 2061 non
452 1998 527 2080 quia
547 1997 660 2080 dignus
681 2018 724 2078 es,
750 1998 808 2062 sed
831 1998 906 2080 quia
925 1997 1076 2080 promisi“
1105 2018 1132 2062 e.
1150 2019 1179 2079 q.
1196 2018 1220 2060 s.

157 2124 189 2166 n.
215 2124 267 2185 qu.
295 2104 416 2186 Iprol.
442 2108 476 2167 6:
514 2105 634 2186 „virtus
665 2105 747 2168 enirn
778 2105 850 2186 ista,
885 2125 980 2186 quarn
1011 2102 1217 2184 adfectamus,

156 2209 326 2293 magnifica
349 2217 407 2293 est,
432 2233 495 2275 non
520 2213 593 2294 quia
616 2233 674 2294 per
697 2233 730 2276 se
754 2211 884 2276 beatum
906 2218 955 2276 est
970 2211 1055 2276 malo
1072 2211 1219 2293 caruisse,

156 2316 213 2381 sed
237 2318 603 2399 111116611111111111161111ιι
629 2340 656 2383 e.
682 2340 712 2400 q.
737 2339 761 2383 6.
798 2338 914 2400 epm.
944 2323 995 2398 66,
1022 2323 1079 2382 26:
1111 2339 1220 2402 „nemo

160 2425 243 2488 enim
258 2425 406 2507 patriam,
424 2425 498 2508 quia
513 2446 628 2507 magna
644 2430 693 2488 est
709 2430 804 2507 amat,
822 2425 880 2489 sed
896 2425 970 2507 quia
986 2424 1075 2490 sua“.
1100 2429 1155 2507 81,
1167 2430 1219 2489 20:

160 2537 290 2615 „gratus
314 2554 394 2614 sum,
418 2553 482 2596 non
506 2533 581 2615 quia
604 2532 742 2617 expedit,
767 2532 823 2598 sed
847 2533 922 2615 quia
943 2533 1062 2598 iuvat“.
1093 2537 1219 2616 92‚11:

95 2629 97 2632 ⁵
159 2637 299 2722 „Quidni
322 2639 451 2722 petam?
482 2660 545 2703 non
577 2640 652 2722 quia
678 2640 763 2704 bona
786 2644 860 2704 sunt
883 2638 941 2722 (sc.
965 2639 1051 2705 bona
1072 2639 1220 2704 valetudo

155 2751 188 2809 et
212 2745 301 2827 quies
318 2751 350 2810 61
366 2745 514 2810 dolorum
530 2746 679 2831 vacatio),
703 2745 760 2810 sed
784 2746 858 2828 quia
881 2746 1053 2810 secundum
1074 2752 1220 2811 naturam

156 2851 249 2915 611111α
264 2874 290 2916 e.
302 2874 333 2935 q.
345 2873 370 2916 6.
393 2852 472 2916 haec
488 2853 586 2935 igitur
598 2873 680 2935 quae
693 2853 786 2917 attuli
799 2852 943 2935 exempla
954 2852 1153 2918 Reussianae
1167 2852 1220 2917 ob-

156 2959 326 3023 servationi
341 2980 407 3023 non
422 2958 634 3042 refragantur.
673 2959 730 3024 sed
745 2964 868 3024 restant
885 2959 938 3024 alii
953 2959 1017 3024 loci
1033 2960 1127 3042 eique
1143 2961 1219 3025 satis

154 3065 246 3128 multi
270 3066 324 3146 qui
348 3087 418 3129 cum
441 3065 496 3130 illa
516 3086 581 3129 non
602 3066 812 3130 concordent.
844 3087 925 3147 quos
941 3065 982 3130 ad
997 3088 1096 3129 unum
1112 3087 1218 3131 omnes

155 3171 386 3236 transscribere
417 3192 533 3255 operae
563 3173 701 3254 pretium
730 3172 865 3238 videtur.
905 3171 945 3236 de
968 3172 1040 3239 ben.
1065 3172 1098 3239 V
1125 3175 1217 3255 19,6

153 3279 303 3360 legimus:
332 3279 422 3365 „dico
447 3301 497 3345 me
519 3279 577 3344 tibi
599 3279 774 3362 obligatum
789 3300 849 3361 pro
864 3277 943 3361 filio,
966 3301 1032 3344 non
1049 3280 1125 3361 quia
1140 3301 1218 3359 sum,

154 3385 211 3449 sed
245 3387 320 3467 quia
352 3386 424 3450 volo
457 3407 508 3450 me
542 3385 657 3451 offerre
687 3386 746 3450 tibi
771 3385 949 3451 debitorem
972 3386 1219 3451 voluntarium“.

153 3498 290 3574 apparet
322 3494 512 3558 sententiam
543 3514 612 3559 6666
643 3493 742 3557 hanc:
781 3492 960 3577 „obligatus
982 3513 1042 3576 pro
1066 3492 1132 3558 filio
1156 3514 1218 3557 non

153 3600 254 3662 sum“.
295 3620 372 3682 ergo
396 3599 475 3664 illud
502 3621 569 3687 „me
594 3599 770 3683 obligatum
795 3620 863 3664 esse
886 3621 947 3681 pro
971 3598 1055 3664 fili0“
1089 3605 1140 3665 est
1164 3599 1217 3663 ali-

153 3705 239 3788 quid,
257 3707 345 3788 quod
361 3708 520 3789 cogitatur
536 3708 586 3772 vel
602 3708 786 3772 coniectura
801 3712 850 3771 est
865 3707 1027 3771 inventum
1043 3712 1217 3790 nostroque

153 3815 290 3876 sermoni
306 3813 515 3878 accomodate
532 3815 576 3878 sic
591 3815 759 3879 reddetur:
787 3813 895 3896 „nicht
911 3814 980 3879 weil
995 3814 1056 3894 ich,
1072 3815 1130 3878 wie
1146 3835 1217 3878 man

152 3920 277 3983 melnen
300 3920 430 4003 kdnnte,
460 3920 510 3984 fur
538 3920 599 3985 den
624 3919 712 3985 Sohn
739 3919 938 4002 verpflichtet
966 3920 1041 3983 bin“
1067 3924 1128 3984 etc.
1164 3918 1217 3984 sed

153 4026 223 4090 vide
254 4026 389 4091 alterum
422 4027 598 4110 exemplum
623 4028 653 4091 d.
678 4027 822 4108 171126,
849 4030 882 4089 5:
915 4026 1014 4110 „haec
1043 4025 1129 4090 dicet
1155 4024 1216 4106 1116,

153 4133 204 4194 cui
221 4134 378 4214 sapientia
400 4134 544 4216 contigit,
569 4155 663 4216 quem
687 4133 808 4198 animus
833 4133 981 4197 vitiorum
1004 4131 1153 4196 immunis
1175 4132 1218 4195 in-
