2782 4776
587 443 804 504 -50„.

163 619 263 684 voluit
278 618 491 701 elegentibus
508 617 658 701 suppleri.
694 617 792 683 habes
809 617 986 701 exemplum
1009 617 1040 681 d.
1057 617 1128 685 VII
1146 620 1176 700 5,
1200 622 1232 681 l:

165 727 333 810 „quoniam
357 725 532 791 liberaliter
555 748 649 808 agere
674 727 775 811 coepi,
804 731 912 810 potest
935 724 1049 789 beatus
1073 725 1146 807 dici,
1176 725 1233 808 qui

162 855 221 898 nec
250 835 338 916 cupit
368 855 426 898 nec
456 834 548 897 timet
577 832 729 897 beneficio
753 833 884 897 rationis
909 832 1072 917 (quoniam
1096 837 1130 896 et
1152 853 1234 897 saxa

162 941 276 1005 timore
305 952 337 1006 el
364 941 496 1005 tristitia
523 945 633 1004 carent
661 962 720 1004 nec
747 941 850 1003 minus
878 940 1016 1022 pecudes
1023 988 1031 1021 ,
1066 961 1131 1004 non
1154 939 1231 1004 ideo

161 1054 270 1113 tamen
294 1050 461 1131 quisquam
485 1049 588 1112 felicia
612 1048 737 1129 dixerit,
770 1047 882 1129 quibus
906 1069 970 1111 non
995 1052 1044 1111 est
1066 1047 1232 1112 felicitatis

160 1157 340 1221 intellectus
364 1178 391 1221 e.
416 1179 446 1238 q.
471 1155 542 1241 s.).“
590 1154 651 1219 hoc
678 1155 767 1236 loco,
800 1159 836 1218 ut
870 1175 987 1235 sequar
1017 1152 1141 1218 Gertzii
1177 1176 1231 1218 ex-

160 1262 387 1345 planationem,
427 1284 521 1344 quam
557 1261 645 1326 dedit
680 1261 765 1325 stud.
801 1261 871 1325 crit.
908 1262 940 1324 in
974 1259 1116 1326 Senecae
1152 1261 1230 1328 dial.

161 1393 191 1453 p.
218 1373 297 1451 124,
335 1369 523 1453 „quoniam“
559 1368 671 1433 eodem
702 1367 872 1432 adhibetur
900 1368 1013 1450 modu,
1048 1390 1113 1449 quo
1141 1370 1231 1451 apud

162 1478 307 1541 Graecos
334 1473 433 1562 „dued‘
452 1482 485 1540 et
504 1478 611 1560 „7de
637 1476 723 1558 apud
745 1474 880 1540 Latinos
907 1475 1018 1559 „nam“
1042 1476 1231 1557 saepissime

161 1583 310 1665 usurpari
335 1604 443 1648 omnes
467 1583 581 1664 sciunt,
612 1588 648 1646 ut
672 1605 767 1647 eausa
790 1583 968 1647 sententiae
992 1582 1130 1648 addatur
1152 1603 1229 1666 sup-

92 1746 94 1748 .
160 1713 300 1774 pressae.
348 1712 476 1754 causam
507 1690 653 1754 videlicet
686 1688 810 1754 Seneca
844 1689 947 1771 affert,
983 1711 1040 1754 cur
1073 1691 1106 1752 in
1139 1689 1231 1754 beati

159 1799 294 1862 hominis
329 1796 511 1861 definitione
545 1819 609 1861 non
642 1797 828 1879 simpliciter
862 1797 908 1859 sic
937 1796 1064 1860 locutus
1097 1797 1154 1878 sit,
1192 1804 1231 1862 ut

160 1906 294 1969 diceret:
321 1910 450 1988 „potest
472 1903 586 1968 beatus
610 1904 672 1968 dici
696 1904 751 1986 qui
767 1925 825 1967 nec
842 1904 929 1986 cupit
945 1924 1003 1966 neo
1020 1903 1143 1985 timet“,
1170 1905 1230 1968 sed

160 2012 224 2075 duo
248 2012 301 2076 illa
323 2011 420 2076 verba
445 2010 618 2093 „beneficio
642 2012 797 2076 rationis“
814 2010 988 2092 ,adiecerit3
1012 2011 1110 2092 igitur
1129 2033 1230 2096 „quo-

159 2120 263 2184 niam“
289 2119 427 2183 brevitor
451 2119 570 2183 dictum
595 2124 644 2183 est
667 2140 726 2201 pro
744 2140 792 2199 eo,
818 2118 905 2201 quod
922 2124 986 2182 est:
1013 2118 1112 2201 ,haec
1128 2118 1232 2184 verba

159 2225 293 2289 finitioni
310 2247 399 2290 meae
415 2226 526 2308 adieci,
552 2226 735 2308 quoniam“.
783 2230 894 2289 nostro
910 2245 1066 2304 sermone,
1091 2230 1127 2288 ut
1142 2225 1230 2290 hanc

158 2333 328 2397 reddamus
352 2317 551 2414 seutentiam,
576 2333 656 2396 haec
680 2333 744 2396 duo
762 2331 859 2396 verba
877 2330 1051 2414 „beneficio
1069 2333 1225 2397 rationis“

158 2447 302 2522 repetere
319 2439 471 2503 debemus
494 2441 539 2503 sic
562 2444 735 2503 vertentes:
764 2438 942 2524 „gliiclrliclr
957 2438 1043 2503 kann
1059 2439 1231 2521 geheissen

158 2548 294 2629 werden,
318 2569 382 2611 wer
405 2547 509 2611 weder
528 2546 691 2612 Wiinsche
715 2547 794 2627 hegt
817 2546 900 2609 noch
916 2545 1039 2609 Furcht
1064 2545 1149 2609 dank
1169 2546 1231 2610 der

159 2659 312 2741 φρόνησις
338 2653 423 2717 dank
448 2654 506 2717 der
528 2657 676 2741 φρόνησις,
703 2653 744 2716 da
764 2653 799 2735 ja
822 2651 904 2716 auch
927 2651 1064 2716 Felsen“
1090 2674 1118 2715 e.
1143 2674 1175 2734 q.
1202 2674 1229 2716 S.

158 2760 257 2823 simile
287 2763 319 2823 in
353 2760 529 2840 exemplum
564 2759 649 2840 apud
680 2757 836 2823 Senecam
864 2780 928 2822 nno
956 2764 1124 2840 praeterea
1151 2759 1228 2823 loco

158 2867 335 2947 incidimus,
359 2867 413 2949 qui
437 2871 486 2930 est
509 2888 540 2929 n.
557 2888 610 2948 qu.
627 2866 677 2932 IV
696 2869 747 2947 13,
773 2870 803 2947 3,
827 2865 881 2928 ubi
901 2871 1007 2930 tamen
1024 2866 1078 2930 illa
1093 2866 1230 2949 simplex

159 2975 303 3037 vertendi
318 2975 401 3037 ratio
416 2994 480 3036 non
497 2973 625 3053 suflicit,
648 2974 705 3037 sed
720 2971 917 3055 longioribus
933 2973 1104 3037 verborum
1117 2973 1228 3038 amba-

160 3080 250 3161 gibus
271 3101 350 3163 opus
367 3085 426 3142 est.
457 3081 575 3160 legitur
590 3081 687 3142 enim:
713 3100 790 3162 „nos
807 3100 882 3142 vero
899 3100 1089 3161 quaeramus
1105 3081 1228 3163 potiuS,

160 3188 321 3269 quomodo
350 3185 429 3250 fiant
452 3187 538 3249 nives
563 3208 659 3267 quarn
683 3186 845 3268 quomodo
869 3192 1044 3268 serventur,
1073 3188 1228 3268 quoniam

160 3317 222 3358 non
238 3295 382 3358 contenti
398 3293 471 3358 vina
487 3293 672 3366 diffundere,
689 3294 847 3357 veteraria
863 3315 921 3374 per
937 3315 1069 3375 sapores
1086 3299 1228 3358 aetates-

160 3425 220 3484 que
245 3402 414 3484 disponere
438 3402 621 3480 invenimus
647 3401 807 3482 quomodo
833 3401 1023 3482 stiparemus
1050 3402 1165 3483 nivem,
1190 3408 1228 3466 ut

160 3530 197 3571 ea
232 3514 387 3571 aestatem
422 3507 600 3570 evinceret“
634 3528 660 3570 e.
687 3530 716 3589 q.
742 3529 766 3571 s.
818 3507 878 3570 hoc
909 3506 981 3572 loco
1013 3506 1137 3573 Seneca
1167 3531 1229 3591 per

160 3615 357 3678 enuntiatum
381 3636 401 3677 a
427 3614 614 3697 ,quoniam“
641 3614 783 3697 pendens
807 3615 988 3677 accuratius
1004 3617 1142 3698 exponit,
1169 3638 1228 3680 cur

159 3720 262 3784 verbis
283 3742 359 3804 „nos
375 3741 450 3784 vero
475 3769 504 3781 ..
526 3771 532 3782 .
558 3722 664 3783 nives“
689 3721 841 3785 adiecerit
864 3719 1092 3803 subsequentia
1110 3744 1227 3804 „quam

160 3827 320 3911 quomodo
356 3828 555 3891 serventur“.
614 3826 751 3891 fortasse
790 3849 855 3892 non
893 3828 1097 3893 incommoda
1139 3829 1225 3894 vide-

160 3940 213 3997 tur
241 3933 333 3996 huius
361 3935 447 3998 modi
476 3934 713 4015 interpretatio:
752 3936 826 4015 „uir
856 3935 968 3998 u'ollen
994 3934 1094 3999 lieber
1116 3941 1225 4000 unter-

160 4042 288 4121 suchen,
321 4041 375 4105 wie
404 4042 460 4106 der
485 4040 609 4105 Schnee
634 4042 784 4122 entsteht,
816 4042 861 4104 als
885 4043 941 4105 uie
966 4063 1001 4105 er
1024 4041 1227 4106 aufbewahrt

159 4147 253 4228 wird;
277 4148 329 4211 ich
345 4167 432 4230 sage:
457 4147 504 4212 als
524 4149 580 4212 wie
597 4169 632 4212 er
648 4148 850 4213 aufbewahrt
864 4148 953 4230 wird,
979 4148 1020 4211 da
1032 4149 1086 4232 ja“
1106 4171 1133 4214 e.
1151 4173 1182 4232 q.
1200 4172 1225 4216 s.
