2782 4776
492 447 709 506 ...55-

133 621 328 687 Accuratius
364 621 494 686 definire
528 622 622 686 huius
657 620 834 704 particulae
870 618 1132 702 significationem

62 730 143 796 olim
167 736 302 796 conatus
326 735 375 794 est
396 729 435 795 F.
460 729 502 792 A.
520 728 669 811 Wolfius,
694 729 842 812 quicum
866 729 907 793 ad
931 727 1020 796 Suet.
1038 727 1131 794 0111.

61 861 90 904 1.
120 843 161 902 28
193 839 255 901 vim
284 837 459 920 particulae
490 859 561 900 cum
592 858 708 919 graeco
736 833 875 922 ,iaetdffl
902 840 1130 917 comparasset,

62 946 107 1010 ad
131 944 237 1009 Taciti
260 943 383 1010 Annl
408 948 447 1007 57
472 944 557 1007 hunc
579 944 612 1007 in
635 944 765 1007 modum
790 943 954 1007 disseruit:
982 948 1133 1027 ,1111111

61 1074 132 1116 111
155 1052 289 1115 multum
313 1050 420 1115 differt
443 1072 463 1114 a
486 1051 604 1115 causali
628 1055 716 1132 priori
737 1071 793 1114 seu
817 1057 895 1131 prtia
917 1049 1132 1132 1111111111-

62 1159 140 1223 dam
164 1158 395 1241 significatione
419 1158 584 1240 temporis
629 1158 675 1222 ita
703 1162 808 1222 autem
840 1157 1023 1221 continetur
1045 1164 1131 1222 ntra-

63 1287 129 1348 que
160 1268 214 1347 vis,
251 1271 286 1329 ut
318 1288 338 1329 a
367 1265 521 1347 temporis
552 1265 683 1329 notione
717 1264 759 1328 ad
790 1285 905 1329 causae
938 1270 1132 1347 transeatur,

62 1374 223 1456 siquidem
247 1373 333 1456 quod
358 1378 446 1437 certo
471 1372 577 1454 aliquo
594 1378 738 1455 tempore
754 1370 791 1435 fit
806 1393 866 1455 pro
884 1393 980 1436 causa
996 1372 1133 1436 habetur

63 1480 200 1544 alicuius
224 1480 270 1543 rei
292 1479 538 1542 instituendae“.
572 1500 654 1561 quae
687 1478 857 1561 explicatio
886 1500 1076 1561 quamquam
1101 1480 1133 1543 in

62 1587 248 1650 universum
278 1585 403 1649 videtur
426 1585 602 1668 probanda,
631 1591 739 1649 tamen
766 1601 831 1648 non
861 1586 945 1648 omni
973 1607 1012 1650 ex
1041 1593 1133 1668 parte

62 1692 217 1775 exemplis
241 1691 428 1756 Annaeanis
452 1691 670 1758 confirmatur.
702 1713 827 1775 semper
851 1692 932 1756 enim
956 1694 1133 1775 particulae
1194 1695 1205 1751 ’.

61 1801 111 1863 vis
146 1821 184 1864 ca
220 1804 279 1880 est,
314 1805 351 1862 11
385 1820 448 1862 111
483 1806 550 1863 tam
586 1800 721 1863 accedat
749 1799 790 1862 ad
819 1799 977 1864 causalem
1003 1800 1131 1883 ,111111α

61 1927 121 1970 111
153 1906 280 1989 ,quia“,
315 1928 410 1988 quam
446 1928 465 1969 a
500 1906 635 1969 causalis
671 1906 903 1970 coniunctionis
941 1908 1130 1991 ,1111111111α

61 2012 297 2094 significatione
333 2034 433 2096 prope
468 2012 562 2076 absit.
598 2034 638 2076 ne
672 2013 785 2094 longus
821 2013 889 2094 sim,
924 2013 956 2076 in
992 2012 1133 2078 Senecae

60 2120 247 2202 philosophi
281 2119 438 2184 scribendi
475 2121 600 2184 rationo
635 2119 838 2184 diiudicanda
869 2119 1006 2201 quodam
1036 2121 1133 2185 modo

62 2227 214 2292 assentiri
237 2247 406 2308 possumus
430 2226 633 2308 Rulinlronio,
658 2228 712 2308 qui
735 2227 777 2290 ad
801 2225 865 2291 Ter
899 2225 1004 2290 Andr.
1028 2228 1077 2295 IV
1103 2232 1132 2310 5,

63 2339 108 2396 23
139 2333 306 2417 ,11111111α
341 2334 435 2415 plane
467 2334 551 2399 idem
585 2355 655 2399 csse
684 2334 761 2398 dicit
795 2339 891 2416 atque
929 2336 1132 2418 ,quoniam“.

61 2446 102 2504 ut
125 2441 270 2522 exempla
293 2441 439 2505 afferam:
473 2442 503 2508 d.
528 2442 564 2505 X
591 2448 617 2524 7,
645 2447 682 2506 3:
718 2441 875 2528 ,denique
909 2441 993 2505 inter
1024 2465 1133 2508 omnes

62 2549 214 2612 convenit
249 2548 365 2612 nullam
398 2571 465 2612 rem
496 2549 577 2613 benc
616 2550 754 2614 exerceri
792 2570 885 2632 posse
925 2549 965 2612 ab
1005 2550 1132 2614 homine

63 2661 239 2736 occupato,
279 2677 343 2718 non
383 2655 609 2738 eloquentiam,
648 2678 714 2719 non
751 2656 898 2721 liberales
938 2657 1159 2739 disciplinaS,

62 2762 194 2844 quando
219 2761 382 2825 districtus
407 2761 529 2826 animus
553 2761 630 2824 nihil
659 2761 754 2825 altius
782 2762 910 2844 recipit,
941 2763 998 2826 1111
1027 2762 1134 2829 omnia

61 2868 151 2931 velut
181 2868 342 2932 inculcata
368 2869 524 2951 respuit“.
558 2888 608 2949 ep.
633 2890 674 2931 11.
700 2872 752 2949 66,
778 2873 811 2931 8:
846 2869 973 2953 ,itaque
998 2870 1042 2932 vis
1066 2870 1132 2934 eius
1170 2938 1173 2945 ,

63 2980 124 3057 (sc.
155 2975 296 3061 virtutis)
357 2981 371 3040 t
413 2977 599 3058 magnitudo
634 2976 719 3040 ultra
753 2997 816 3040 nou
847 2982 958 3057 potest
991 2998 1131 3060 surgere,

64 3083 195 3164 quando
219 3084 448 3147 incrementum
473 3084 610 3147 maximo
635 3105 699 3147 non
724 3085 805 3148 est“.
834 3084 917 3147 idem
942 3084 1027 3148 cadit
1050 3085 1082 3148 in
1100 3084 1130 3147 d.

63 3190 120 3253 IX
147 3193 197 3270 15,
224 3195 257 3252 3:
292 3194 345 3273 ,et
373 3191 519 3254 universa
542 3190 777 3273 contemplatus
801 3191 929 3254 maioris
953 3192 1049 3255 animi
1073 3200 1131 3272 est,

65 3297 121 3378 qui
144 3298 240 3360 risum
265 3319 328 3360 nou
352 3300 453 3377 tenet,
477 3318 571 3378 quam
595 3299 651 3380 qui
673 3299 830 3381 lacrimas,
860 3297 988 3379 quando
1011 3298 1131 3362 leuissi-

64 3426 151 3466 mum
168 3404 329 3467 adfectum
346 3405 442 3467 animi
458 3411 564 3468 movet
580 3410 612 3468 et
628 3405 705 3467 nihil
720 3427 878 3488 magnum,
902 3404 979 3467 nihil
1001 3413 1131 3486 serium,

66 3535 106 3575 ne
130 3513 280 3576 miserum
304 3512 432 3595 quidem
456 3534 495 3575 ex
517 3518 609 3576 tauto
633 3518 749 3595 paratu
772 3515 899 3595 putat“.
929 3512 1002 3575 ΧΠ
1030 3516 1079 3593 13,
1097 3518 1130 3575 6:

45 3614 142 3702 ,qui
175 3641 250 3683 vero
284 3620 435 3684 adversus
467 3620 666 3684 saevissimos
696 3641 788 3683 casus
819 3641 853 3683 se
881 3619 1003 3683 extollit
1034 3625 1065 3682 et
1094 3642 1133 3683 ea

64 3727 159 3807 mala,
185 3726 299 3808 quibus
323 3727 376 3791 alii
400 3727 631 3809 opprimuntur,
662 3727 784 3806 evertit,
814 3727 899 3809 ipsas
923 3727 1064 3790 miserias
1088 3727 1132 3790 in·

66 3905 112 3956 cui
135 3905 276 3971 inscripsit
297 3905 346 3968 „de
367 3904 504 3972 particula
529 3904 639 3974 quando
667 3903 740 3972 apud
763 3904 963 3957 vetustissimos
983 3905 1132 3973 scriptores

66 3994 166 4046 latinos
194 3995 221 4045 vi
249 4000 277 4046 et
305 3997 369 4046 usu“
401 3993 516 4061 Argeut.
536 3994 579 4046 ed.
601 3993 668 4046 1883
697 4013 724 4061 p.
746 3995 777 4045 15
800 3994 939 4061 ,quaudo“
962 3998 1053 4047 ortum
1073 4011 1131 4047 esse

67 4087 160 4136 censet
179 4083 310 4136 adverbio
330 4083 476 4150 temporali
495 4082 638 4150 *,quodo“
659 4088 687 4136 et
704 4082 835 4136 adverbio
849 4083 951 4136 modali
966 4087 1078 4151 „quam“
1093 4084 1133 4136 ita

66 4171 139 4225 inter
164 4191 192 4225 11
212 4172 375 4238 commixtis,
408 4176 439 4224 ut
474 4174 586 4240 „quam“
618 4173 732 4241 stirpem
763 4176 847 4240 „quo“
878 4173 940 4226 loco
969 4173 1131 4226 demoverit.
