2782 4776
685 395 903 454 „14-

260 589 313 650 qu.
338 567 357 632 Ι
382 571 411 646 3,
438 571 493 650 14,
517 568 537 632 Ι
560 573 591 650 6,
616 568 798 650 6,Ι8,4,
822 568 858 632 Π
882 571 965 650 5,1,
989 567 1027 632 H
1051 573 1134 651 9,4,
1159 570 1193 634 ll
1220 573 1328 652 13,2;

259 673 296 738 II
322 678 371 755 13,
396 677 433 756 4,
457 675 496 739 Π
522 678 572 757 14,
598 681 632 756 2,
657 675 695 738 Π
719 677 771 756 34,
796 680 831 756 2,
856 676 893 739 Π
918 679 969 755 38,
994 679 1030 757 4,
1059 676 1095 739 Π
1118 680 1172 756 48,
1201 680 1233 758 1,
1268 676 1330 740 ΠΙ

263 784 313 863 11,
330 784 364 863 4,
388 781 440 849 IV
465 786 516 863 11,
539 785 574 863 6,
598 781 630 849 V
656 786 684 862 1,
704 786 736 864 1,
760 781 792 849 V
815 785 847 863 4,
866 787 900 863 3,
925 781 975 849 VI
1001 785 1051 863 13,
1069 785 1104 868 4,
1130 782 1201 850 VII
1218 788 1271 865 23,
1290 788 1329 865 2,

260 909 310 971 ep.
334 910 375 952 m.
402 893 431 971 3,
458 892 490 970 3,
518 892 570 971 14,
596 893 630 969 8,
658 892 708 969 17,
735 893 770 970 9,
802 893 854 972 24,
882 893 936 972 12,
968 893 1019 970 36,
1045 894 1081 971 9,
1112 894 1164 972 66,
1192 894 1247 971 16,
1273 895 1328 974 66,

261 999 318 1077 28,
349 998 401 1078 71,
426 999 444 1058 3
470 995 614 1082 (6666666
639 1001 688 1061 661
711 1017 738 1061 6.
756 1017 787 1078 q.
804 995 861 1082 6.),
888 1001 939 1080 71,
965 1002 1001 1080 7,
1028 999 1079 1080 74,
1106 999 1164 1078 11,
1190 1001 1241 1077 74,
1268 1000 1328 1078 24,

261 1107 314 1184 97,
334 1106 389 1184 14,
416 1106 489 1185 182,
510 1107 549 1168 12
576 1103 636 1190 (116
650 1124 709 1187 pro
727 1124 765 1167 eo
782 1111 831 1168 est
847 1126 874 1168 6.
892 1126 923 1187 q.
941 1104 998 1190 6.),
1025 1107 1097 1187 197,
1113 1107 1149 1186 4,
1177 1108 1250 1186 109,
1270 1109 1328 1187 13,

262 1212 335 1292 113,
353 1214 387 1290 6,
416 1212 489 1292 116,
508 1213 526 1273 3
549 1213 637 1292 614,
663 1213 812 1293 121,18,
837 1210 973 1294 denique
996 1212 1048 1275 vix
1071 1211 1219 1294 equidem
1241 1233 1329 1276 com-

259 1337 472 1381 memorarem
496 1317 591 1382 etiam
614 1317 647 1381 in
670 1317 715 1381 616
738 1317 816 1380 16616
840 1317 955 1400 quibus
979 1317 1021 1382 ad
1041 1338 1154 1383 novam
1171 1319 1329 1384 orationis

259 1429 385 1506 partem
409 1425 564 1488 transitus
587 1422 657 1488 fieri
679 1423 814 1505 videtur,
844 1445 970 1506 semper
992 1424 1127 1490 candem
1149 1425 1329 1508 particulae

258 1530 321 1592 vim
344 1531 475 1612 agnosci
499 1531 669 1612 causalem,
699 1530 760 1594 nisi
791 1531 890 1594 statui
919 1530 1066 1595 vidissem
1090 1553 1110 1596 a
1134 1529 1327 1597 Guenthero

257 1636 279 1699 l.
304 1657 331 1700 6.
355 1657 388 1719 p.
415 1641 433 1700 9
460 1637 574 1721 ,quial
605 1637 637 1700 in
661 1636 817 1701 eiusmodi
839 1637 919 1701 locis
943 1637 985 1701 ad
1012 1637 1199 1721 ,quoniaml
1226 1639 1328 1721 parti-

259 1743 349 1808 culae
376 1744 439 1807 vim
465 1742 641 1825 adspirare.
692 1743 788 1807 immo
817 1747 914 1808 etiam
940 1744 973 1806 in
1003 1744 1053 1808 his
1085 1744 1328 1809 enuntiatorum

258 1870 357 1914 nexus
389 1871 514 1933 semper
536 1855 645 1914 manet
668 1870 754 1914 mere
779 1849 916 1914 causalis
939 1851 969 1913 vi
992 1850 1169 1932 particulae
1192 1853 1330 1933 propria

257 1955 345 2020 nullo
369 1955 466 2020 modo
490 1961 623 2020 mutata.
671 1956 808 2037 exempli
832 1956 936 2037 gratia
960 1978 1057 2022 unum
1080 1956 1178 2021 affero
1201 1957 1327 2022 locum:

258 2084 308 2147 ep.
329 2067 379 2146 14,
400 2066 454 2127 17:
483 2084 601 2149 ,aurea
616 2069 649 2128 16
665 2064 748 2145 stipe
765 2063 904 2146 implebo
929 2068 962 2127 61
985 2064 1061 2146 quia
1083 2063 1170 2129 facta
1190 2071 1240 2129 661
1256 2067 1329 2129 auri

259 2169 389 2251 mentio,
421 2170 531 2253 accipe
563 2169 830 2252 quemadmodum
861 2191 937 2234 usus
965 2169 1151 2253 fructusque
1176 2170 1329 2235 61661161

260 2296 328 2340 6666
353 2277 478 2359 gratior
500 2276 636 2358 possit“.

325 2382 363 2446 II
392 2382 465 2448 Iam
493 2391 530 2447 ut
560 2382 601 2447 ad
630 2383 754 2466 singula
776 2389 984 2462 transeamus,
1017 2383 1183 2447 exordium
1204 2382 1262 2448 fiat
1284 2383 1327 2449 ab

259 2510 298 2554 eo
322 2489 552 2555 coniunctionis
570 2490 685 2573 ,quial
703 2510 772 2571 usu,
797 2510 861 2572 quo
879 2489 1059 2572 complures
1075 2490 1329 2555 introducuntur

259 2617 374 2661 causae
406 2618 426 2661 a
458 2597 614 2680 scriptore
646 2617 705 2679 per
734 2596 922 2679 particulam
949 2596 1061 2680 ,quial
1089 2596 1182 2661 alteri
1208 2597 1326 2682 ,6616α

260 2704 452 2787 oppositam.
469 2704 557 2769 cuius
573 2703 659 2768 modi
676 2703 799 2786 generis
816 2703 943 2768 dicendi
958 2703 1022 2768 tria
1038 2703 1182 2785 exempla
1198 2705 1329 2787 repperi

258 2810 350 2876 haec:
376 2811 451 2880 d.V
476 2816 507 2894 9,
531 2814 570 2875 4:
598 2811 701 2896 ,ide0,
727 2810 840 2893 quibus
864 2810 1050 2875 stomachus
1074 2815 1241 2892 suspectus
1264 2816 1326 2893 est,

258 2918 440 3001 processuri
473 2918 516 2982 ad
549 2938 600 2982 res
635 2915 778 3000 agendas
813 2917 942 2981 maioris
976 2917 1097 2999 negotii
1128 2917 1224 2982 bilem
1254 2916 1327 2982 cibo

257 3028 454 3107 temperant,
489 3044 584 3106 quam
616 3024 751 3089 maxime
785 3028 892 3089 movet
922 3023 1084 3106 fatigatio,
1117 3024 1198 3087 sive
1229 3024 1329 3107 quia

259 3130 398 3195 calorem
420 3131 453 3194 in
475 3129 581 3195 media
604 3130 767 3213 compellit
790 3135 823 3195 61
845 3136 942 3195 66661
965 3130 1111 3211 sanguini
1134 3151 1328 3213 cursumque

259 3238 325 3302 eius
360 3238 447 3303 venis
481 3235 701 3302 laborantibus
734 3237 833 3318 sistit,
869 3237 953 3301 sive
988 3237 1083 3320 quia
1117 3258 1235 3320 corpus
1270 3237 1327 3301 ad-

257 3349 423 3409 tenuatum
451 3349 484 3409 et
510 3342 669 3408 infirmum
696 3343 852 3408 incumbit
875 3343 1015 3407 animol.
1047 3364 1180 3427 prorsus
1212 3342 1327 3408 eadem

257 3450 383 3514 ratione
410 3450 494 3535 ,sive
517 3450 593 3533 quia
615 3487 655 3496 —
682 3449 746 3514 sive
770 3449 863 3532 quia“
889 3449 1040 3533 leguntur
1066 3471 1115 3533 ep.
1139 3471 1181 3513 m.
1205 3451 1259 3531 49,
1284 3453 1325 3532 4,

259 3561 310 3639 ro,
336 3562 366 3621 a.

323 3662 445 3730 Verum
475 3663 555 3727 haec
583 3663 737 3728 orationis
769 3662 944 3745 aequalitas
968 3684 1033 3727 666
1056 3660 1173 3745 ubique
1197 3667 1328 3727 servata

257 3775 316 3834 est.
339 3769 426 3835 haud
449 3791 523 3834 raro
547 3769 630 3834 enim
654 3790 770 3834 causae
793 3769 887 3834 alicui
910 3774 967 3833 aut
989 3789 1047 3851 per
1063 3769 1236 3833 ablativum
1252 3768 1327 3834 sub-

256 3876 386 3941 stantivi
409 3877 459 3941 vel
482 3877 679 3961 pronominis
700 3881 756 3940 aut
771 3897 829 3958 per
845 3876 1095 3941 enuntiationem
1110 3875 1327 3958 praepositio·

256 3983 360 4047 nalem
390 4003 559 4066 expressae
589 4003 671 4046 nova
697 3982 880 4048 adnectitur
904 4003 1001 4046 causa
1024 3980 1133 4046 addito
1158 3982 1327 4048 enuntiato

257 4111 296 4152 ex
323 4091 434 4174 „quia“
462 4111 628 4172 suspenso.
660 4110 742 4172 quae
770 4089 1013 4169 inconcinnitas,
1048 4109 1143 4171 quam
1167 4088 1326 4154 Taciteae
