2782 4776
584 450 803 512 -19-

160 627 306 690 futurum
322 632 380 707 est,
398 626 473 708 quia
488 625 629 689 futurum
646 626 727 690 est“.
752 626 848 690 semel
868 626 978 711 ,illos
1008 649 1057 709 ep.
1070 649 1111 690 m.
1127 631 1178 708 33,
1194 631 1226 690 2:

162 735 241 818 „sed
256 734 311 798 illo
328 734 428 815 magis
445 733 650 815 adnotantur,
665 734 739 815 quia
754 754 847 798 rarae
862 734 990 798 interim
1004 735 1227 817 interveniunt,

160 843 237 925 quia
253 841 465 923 insperatae.“
500 841 555 905 sed
572 841 634 905 hoc
651 841 828 923 exemplum
845 841 951 924 aptius
967 840 1230 906 adnumerabitur

161 949 207 1012 eis
232 947 347 1031 quibus

229 1055 260 1140 f)
284 1055 506 1120 correlativum
524 1055 602 1138 ,10ιι
620 1055 787 1139 praecedit
810 1076 881 1119 cum
898 1056 998 1138 gradu
1016 1055 1230 1139 comparativo

162 1164 332 1228 sociatum.
377 1183 434 1248 ,1ο
452 1163 571 1244 magis“
597 1163 734 1226 recurrit
757 1163 789 1226 in
812 1162 860 1226 his
882 1163 978 1227 locis:
1004 1163 1034 1228 d.
1052 1163 1105 1228 IX
1125 1167 1175 1244 11,
1194 1165 1227 1243 5;

160 1271 202 1334 (11
225 1269 298 1334 ben.
324 1271 342 1334 Ι
368 1273 418 1350 12,
446 1273 479 1351 13
512 1270 562 1336 VI
587 1275 639 1350 29,
665 1274 698 1350 2;
733 1292 764 1332 11.
790 1291 841 1351 qu.
866 1270 916 1337 IV
938 1270 1116 1352 praef.123
1150 1270 1229 1334 alius

161 1377 399 1460 comparativus
422 1376 556 1459 legitur:
582 1375 621 1440 de
645 1375 716 1440 ben.
741 1375 809 1443 VH
836 1379 886 1458 16,
910 1380 948 1459 43
973 1398 1022 1460 ep.
1046 1399 1088 1444 m.
1115 1380 1167 1458 55,
1193 1381 1229 1457 13

162 1490 216 1566 so,
243 1489 273 1547 c.

230 1589 335 1654 Paulo
367 1588 481 1654 deinde
512 1589 631 1653 diutius
661 1610 821 1654 versemur
851 1611 981 1655 necesse
1005 1590 1067 1654 erit
1088 1591 1121 1652 iu
1147 1611 1230 1673 „non

163 1697 239 1778 quia
360 1695 415 1760 sed
451 1697 545 1777 (111111ιι
582 1696 721 1760 formula
756 1694 936 1760 tractanda.
976 1695 1092 1760 etenim
1128 1696 1231 1759 oritur

162 1803 292 1867 maioris
315 1803 469 1866 momenti
493 1803 648 1884 quaestio,
680 1824 774 1885 quam
806 1824 887 1884 quae
911 1802 1008 1867 verbo
1032 1802 1135 1884 possit
1158 1823 1229 1884 pro·

162 1909 277 1991 fligari.
307 1909 423 1972 mirum
447 1909 530 1972 enim
553 1909 640 1990 quod
663 1914 837 1991 usurpatur
862 1909 1055 1993 ,1111111111ιι
1080 1908 1131 1972 hic
1152 1907 1231 1971 indi-

163 2017 269 2081 cativo
293 2016 401 2095 modo,
432 2014 495 2078 illic
520 2016 719 2080 coniunctivo
749 2021 910 2097 sequente,
945 2017 971 2078 si
1001 2036 1098 2079 causa
1125 2015 1232 2097 aliqua

163 2122 296 2187 subesse
319 2128 455 2204 negatur
478 2142 615 2204 veraque
644 2122 676 2184 iu
705 2122 771 2184 eius
799 2122 905 2185 locum
934 2121 1147 2185 substituitur.
1193 2142 1231 2185 ac

163 2230 204 2293 de
219 2227 328 2309 modo,
354 2229 408 2310 qui
431 2228 528 2292 verba
553 2249 637 2311 „non
661 2229 736 2309 quia
753 2276 760 2290 .
778 2278 785 2293 .
804 2227 832 2293 .“
867 2233 1030 2310 sequatur,
1053 2228 1136 2292 hanc
1156 2249 1229 2310 pro-

162 2336 238 2399 tulit
253 2335 409 2399 Reussius
433 2334 468 2419 (l.
487 2356 512 2398 c.
530 2356 562 2416 p.
582 2338 635 2418 14)
661 2335 930 2399 observationem:
959 2336 1003 2419 „si
1028 2335 1108 2398 enim
1125 2335 1233 2416 aliqua

163 2464 226 2523 res,
252 2463 335 2525 quae
356 2463 414 2523 per
437 2462 471 2505 se
494 2443 579 2506 iusta
602 2463 639 2506 ac
663 2463 738 2506 vera
760 2441 810 2505 vel
833 2446 881 2506 est
903 2441 953 2506 vel
976 2447 1064 2505 certe
1088 2441 1231 2523 habetur,

163 2570 263 2613 causa
286 2549 419 2612 alicuius
442 2549 489 2612 rei
513 2569 581 2612 esse
611 2553 756 2631 negatur,
786 2549 974 2612 indicativus
1002 2548 1072 2633 (sel.
1097 2554 1233 2630 excepta

164 2656 311 2721 oratione
343 2654 497 2741 obliqua),
529 2655 576 2719 sin
605 2662 712 2720 autem
741 2655 859 2737 aliquid
886 2659 1011 2719 tanturn
1040 2655 1172 2737 cogitati
1201 2660 1233 2719 et

163 2763 256 2846 quasi
286 2783 345 2843 per
375 2762 592 2827 coniecturam
620 2763 748 2844 inventi,
782 2762 999 2825 coniunctivus
1033 2761 1231 2826 adhibendus

163 2871 246 2933 est“.
281 2861 391 2950 quaeri
413 2869 511 2951 igitur
534 2867 642 2950 refert,
667 2891 741 2932 num
765 2867 893 2933 Reussii
915 2868 967 2932 lex
991 2866 1133 2933 Senecae
1157 2889 1232 2950 quo-

163 2996 225 3058 que
250 2975 476 3039 consuetudini
499 2976 677 3039 conveniat.
717 2974 804 3057 quod
835 2980 870 3038 ut
899 2974 1035 3039 dilucide
1065 2974 1232 3038 diiudicari

162 3083 278 3166 possit,
301 3082 371 3165 ipsa
392 3082 623 3164 perlustremus
648 3081 792 3165 exempla
816 3086 963 3163 oportet:

231 3191 265 3274 a)
295 3189 501 3253 indicativum
533 3195 609 3272 post
647 3211 731 3273 ,non
760 3189 852 3272 quia“
882 3189 1062 3254 notavimus
1091 3186 1231 3252 undetri-

163 3297 230 3360 cies
240 3297 274 3383 ¹).
305 3301 401 3378 atque
424 3302 461 3359 ut
484 3295 724 3379 proficiscamur
748 3296 788 3360 ab
813 3318 920 3379 epm.
946 3300 999 3377 87,
1018 3300 1073 3358 26ῑ
1101 3295 1232 3379 „eodem

162 3403 262 3467 modo
288 3424 327 3468 ex
349 3403 516 3485 sacrilegio
541 3402 665 3467 lucrum
686 3401 734 3484 fit,
762 3424 827 3467 non
858 3403 932 3484 quia
961 3407 1055 3483 turpe
1080 3407 1112 3465 11
1136 3401 1233 3465 scele-

163 3514 271 3573 ratum
295 3514 345 3573 est
368 3509 577 3592 sacrilegium,
602 3509 659 3573 sed
683 3511 758 3591 quia
781 3515 813 3574 et
835 3509 959 3573 lucrum
981 3508 1111 3589 habet“,
1137 3529 1232 3590 quam

164 3637 258 3679 suum
281 3620 391 3679 teneat
413 3615 518 3679 locum
540 3616 728 3680 indicativus
744 3616 946 3681 manifestum
963 3620 1021 3679 est.
1046 3636 1120 3680 nam
1137 3615 1232 3678 sacri-

163 3722 284 3804 legium
306 3726 401 3804 turpe
425 3742 500 3786 sane
524 3727 557 3785 11
580 3721 769 3786 sceleratum
798 3727 856 3804 est,
889 3722 945 3787 sed
973 3743 1037 3786 non
1060 3720 1133 3785 ideo
1158 3721 1233 3802 qnia

164 3836 260 3912 turpe
289 3834 322 3893 et
350 3829 540 3894 sceleratum
568 3834 625 3909 est,
659 3830 755 3893 etiam
783 3830 906 3893 lucrum
936 3829 1080 3911 praebet.
1115 3850 1165 3910 ep.
1189 3850 1231 3890 m.

238 3987 258 4054 ¹)
277 4007 334 4041 non
352 3988 405 4042 huc
424 3993 550 4057 spectant
568 3989 629 4055 lcci,
649 3990 696 4042 ubi
709 3990 809 4059 legitur
831 4008 900 4055 „non
913 3993 1021 4042 tantum
1040 3989 1117 4057 quia“
1139 3993 1170 4041 ut
1188 4007 1231 4057 ep.

164 4097 201 4134 m.
220 4079 263 4141 78,
285 4079 329 4129 16:
361 4095 426 4141 „nec
445 4082 553 4130 tantum
573 4079 635 4145 quia
654 4083 785 4148 puguant,
806 4080 859 4131 ista
878 4079 1028 4145 patiuntur,
1048 4078 1097 4131 sed
1116 4082 1147 4130 ut
1165 4096 1232 4147 pug-

165 4168 259 4219 nent“.

848 4260 853 4270 ¹
885 4258 890 4270 1
1030 4253 1036 4264 ¹
1077 4254 1083 4266 ⁴

847 4290 853 4302 Ι
885 4268 1083 4326 ,111111ῃῃ3

848 4319 853 4331 ⁴
884 4318 921 4341 'A
946 4315 989 4345 4¹»
1029 4330 1083 4357 ‘aa‘

848 4352 854 4362 ¹
885 4352 891 4365 ²
919 4346 973 4376 st‘
1054 4359 1060 4371 δ

856 4378 880 4394 1,
934 4379 936 4385 ·
966 4378 973 4391 a
1029 4375 1036 4388 1
1077 4375 1084 4388 1
