2782 4776
587 439 803 502 ...35-

165 615 341 681 nuntiatam
369 615 508 699 aliquam
540 618 741 700 sententiam,
777 618 822 681 ita
849 622 886 681 ut
915 615 1002 700 quod
1029 617 1173 682 universe
1198 621 1230 681 et

165 723 308 787 absolute
337 724 537 787 enuntiatum
561 729 621 805 est,
650 724 869 806 exceptionem
893 724 1031 806 aliquam
1055 722 1173 788 habere
1198 728 1231 788 et

164 830 362 913 aliquatenus
390 831 648 914 restringendum
675 852 746 896 osse
769 831 940 896 adiciant“.
989 832 1230 913 grammaticam

164 935 253 1000 huius
288 957 365 1000 usus
401 936 555 1000 rationem
588 936 685 1018 paulo
719 937 815 1001 etiam
848 937 1028 1001 accuratius
1060 937 1230 1020 explanare

163 1043 269 1108 studet
285 1041 483 1108 Sohwarzius
507 1064 578 1107 cum
603 1044 649 1107 sic
670 1043 797 1107 disserit
813 1043 854 1108 ad
871 1043 953 1107 Plin.
992 1065 1106 1126 paneg.
1124 1048 1176 1124 86,
1195 1048 1229 1106 5;

166 1171 242 1234 „ego
275 1171 351 1214 vero
380 1155 457 1234 puto
485 1150 567 1214 hanc
597 1151 697 1232 ipsam
722 1151 917 1215 locutionem
941 1151 1078 1233 primum
1102 1150 1230 1233 quidem

163 1257 300 1338 speciem
331 1257 490 1340 quandam
520 1257 806 1340 pleonasnii'prae
836 1278 870 1321 se
900 1256 994 1339 ferre,
1030 1258 1123 1321 sicuti
1149 1258 1229 1321 istae

162 1363 338 1446 particulae
373 1365 452 1449 „nisi
479 1365 524 1427 sit
560 1365 668 1447 „quod
695 1365 741 1428 si“
772 1371 852 1446 etc,
887 1364 943 1430 sed
973 1385 1006 1428 re
1034 1365 1106 1446 ipsa
1129 1366 1228 1447 magis

163 1470 287 1552 ellipsin
319 1470 493 1552 involvere,
529 1492 586 1553 per
616 1493 712 1554 quam
740 1479 855 1536 auctor
885 1493 918 1535 se
948 1472 1038 1555 quasi
1069 1472 1227 1552 corrigat:

163 1584 258 1661 atque
283 1577 364 1643 adeo
388 1578 473 1642 illam
497 1579 687 1661 particulam
711 1580 905 1662 exceptivam
933 1579 1033 1663 „nisi“
1052 1601 1110 1662 pro
1130 1579 1227 1662 „sed“

163 1686 224 1748 sive
258 1686 409 1768 ⁷,verum“
443 1685 535 1766 poni3
574 1685 764 1767 particulam
794 1690 901 1749 autem
936 1686 1060 1769 „qu0d“
1095 1706 1164 1749 esse
1196 1691 1228 1750 et

162 1813 290 1856 manere
314 1791 506 1856 causalernt‘.
553 1812 666 1856 vereor
681 1798 788 1856 tamen
805 1813 845 1856 ne
856 1806 925 1857 ¹non
942 1792 1024 1856 desit
1040 1791 1113 1856 huic
1130 1792 1228 1874 expli-

163 1899 280 1963 cationi
304 1897 391 1981 quod
415 1903 501 1962 stare
524 1920 588 1963 non
613 1900 726 1982 possit.
773 1920 829 1962 suo
846 1901 928 1963 enim
944 1900 1013 1963 iure
1029 1900 1091 1963 iam
1108 1898 1229 1963 Trach-

163 2027 295 2070 mannus
318 2005 353 2090 (l.
379 2026 405 2070 c.
430 2027 460 2088 p.
489 2006 542 2090 18)
570 2006 696 2088 „quod“
721 2006 911 2088 particulam
934 2006 1053 2070 talibus
1076 2007 1107 2069 in
1132 2029 1228 2070 enun-

162 2114 248 2176 tiatis
286 2133 376 2195 „esse
408 2117 441 2175 et
475 2133 603 2175 manere
638 2112 815 2176 causalem“
849 2111 966 2175 infitias
996 2113 1053 2176 ivit
1087 2118 1230 2177 ceterum

164 2217 332 2283 Sclnvarzii
355 2219 655 2283 commentationem
680 2225 818 2283 secutus
866 2241 926 2300 ego
951 2219 1067 2284 nollem
1084 2219 1124 2283 ad
1142 2219 1228 2301 ellip-

164 2327 208 2390 sin
232 2325 452 2406 confugissent
475 2325 532 2388 viri
556 2325 654 2406 docti,
678 2324 811 2407 figuram
829 2326 923 2390 istam
939 2326 1099 2410 prioribus
1116 2327 1229 2390 mirum

164 2439 315 2514 quantum
355 2431 597 2515 comprobatam
637 2433 856 2515 inmodiceque
891 2433 931 2497 ad
968 2436 1094 2515 quosvis
1128 2433 1229 2497 nodos

164 2539 386 2618 grammaticos
406 2539 574 2603 solvendos
590 2539 774 2603 adhibitam.
822 2540 876 2603 diu
893 2544 941 2603 est
957 2541 1039 2603 enim
1056 2546 1227 2622 postquam

163 2645 279 2728 ellipsis
295 2666 372 2708 usus
388 2645 429 2709 ad
447 2646 603 2709 saniorem
621 2647 779 2709 rationein
799 2652 968 2710 revocatus
992 2651 1041 2710 est
1065 2648 1227 2728 angustio-

164 2753 312 2834 ribusque
336 2750 451 2815 finibus
474 2753 732 2835 circumscriptus
756 2751 811 2838 (cf.
834 2774 860 2816 e.
882 2775 928 2835 gr.
945 2753 1084 2836 Rumpel
1112 2756 1229 2817 (lesus-

163 2863 252 2924 lelu·e
267 2858 362 2923 Halis
379 2881 408 2923 a.
428 2864 512 2922 1845
529 2881 672 2942 prooem.
709 2860 792 2923 Paul
809 2864 998 2942 Pre'nclpe'en
1015 2864 1075 2924 der
1089 2863 1228 2942 Sprucb·

160 2970 267 3045 pescle.
293 2966 343 3030 ed.
360 2967 416 3030 alt.
434 2966 527 3029 Halis
552 2987 581 3029 a.
603 2970 686 3029 1886
711 2987 739 3029 c.
757 2966 906 3051 XVIII).
938 2989 1096 3049 nusquam
1120 2972 1226 3032 autem

163 3073 341 3154 ubIcunque
364 3072 396 3135 in
420 3069 563 3136 Senecae
587 3073 716 3155 scriptis
741 3074 820 3155 „nisi
842 3073 946 3155 quod“
970 3073 1061 3137 nobis
1078 3074 1227 3155 occurrit,

163 3179 264 3262 ellipsi
294 3200 376 3262 opus
404 3200 473 3243 esse
502 3178 670 3244 adfirmare
701 3180 804 3243 audeo
835 3180 985 3263 exemplis
1013 3179 1225 3263 perlustratis.

162 3293 195 3350 ut
217 3287 381 3351 ordiamur
405 3286 445 3350 ab
469 3309 517 3369 ep.
543 3308 584 3349 m.
602 3290 654 3367 94,
683 3290 737 3349 17:
764 3287 868 3369 „inter
889 3287 1043 3351 insaniam
1068 3285 1226 3368 publicam

162 3399 192 3457 et
221 3394 306 3457 hanc
335 3414 416 3474 quae
444 3393 576 3457 medicis
607 3393 747 3456 traditur
774 3393 850 3456 nibil
874 3394 1021 3474 interest,
1056 3393 1116 3455 nisi
1141 3393 1227 3474 quod

162 3499 238 3564 haec
262 3497 376 3562 morbo
400 3498 536 3578 laborat,
562 3497 616 3562 illa
639 3499 841 3580 opinionibus
865 3498 985 3580 salsis“,
1014 3498 1097 3563 idem
1122 3498 1226 3562 valere

161 3606 217 3670 hoc
251 3606 450 3668 enuntiatum
480 3611 617 3687 apparet
647 3626 685 3669 ac
715 3606 742 3668 si
770 3605 908 3687 scriptor
939 3605 1083 3669 dixisset:
1122 3605 1225 3687 „iuter

160 3714 313 3777 insaniam
337 3711 497 3794 publicam
522 3717 554 3775 et
577 3711 659 3776 banc
678 3761 684 3775 .
700 3760 707 3774 .
722 3763 728 3776 .
745 3712 808 3775 hoc
825 3717 950 3775 tantum
966 3712 1099 3776 interest
1117 3711 1223 3793 quod“

160 3841 185 3884 e.
195 3842 226 3902 q.
236 3841 262 3883 s.
292 3819 343 3881 cui
356 3817 428 3882 loco
442 3817 528 3882 nullo
541 3819 671 3899 negotio
689 3839 744 3881 eos
761 3816 938 3882 consimiles
952 3839 1020 3883 esse
1032 3817 1227 3897 intellegitur

160 3927 188 3990 in
214 3924 330 4008 quibus
364 3926 442 4009 „nisi
466 3925 570 4007 quod‘
600 3925 782 3988 adnectitur
806 3925 972 3988 enuntiato
997 3925 1225 4004 interrogativo

161 4034 207 4097 cui
231 4033 278 4097 vis
301 4032 384 4095 inest
407 4033 563 4113 negativa.
596 4053 644 4112 ep.
661 4052 703 4093 m.
721 4033 773 4111 94,
792 4035 850 4093 31:
877 4031 974 4113 „quid
991 4031 1074 4096 enim
1090 4031 1225 4094 interest

160 4140 241 4205 inter
273 4138 405 4203 decreta
433 4139 652 4222 philosophiae
688 4144 721 4201 et
755 4144 937 4221 praecepta,
973 4139 1033 4201 nisi
1062 4137 1149 4219 quod
1171 4137 1226 4202 illa

1010 4260 1046 4315 3*
