2782 4776
588 405 808 463 *25-

167 575 415 640 exhauriendum
438 577 680 658 accuratiusque
703 575 926 640 illustrandum
948 576 1035 641 haud
1058 577 1168 640 inutile
1189 578 1230 641 vi-

166 682 292 746 debitur
325 682 519 764 distinguere
551 682 716 746 nctionem
748 681 970 764 explicativam
998 687 1030 746 et
1059 685 1229 747 causalem.

166 795 306 854 ceterum
327 790 459 854 eandem
481 811 576 872 quam
592 789 656 852 iarn
672 809 770 870 supra
785 809 854 852 sum
870 790 1031 871 ingressus
1047 790 1230 872 disputandi

165 897 247 961 viam
278 918 404 961 servare
431 897 508 961 mihi
535 897 630 961 liceat
654 897 752 960 etiam
775 894 952 961 Kuehuero
978 897 1229 979 comprobatam.

235 1004 267 1090 1)
291 1001 402 1087 Atque
426 1002 591 1067 exordium
616 1002 767 1066 sumimus
799 1002 840 1066 ab
864 1002 909 1067 eis
933 1002 1022 1084 lociS,
1053 1003 1085 1065 in
1116 1003 1230 1085 quibus

168 1110 295 1192 „qu0d“
318 1109 499 1174 coniunctio
524 1109 757 1191 appositionem
781 1108 941 1191 quandam
965 1109 1055 1173 addit
1078 1115 1134 1173 aut
1158 1109 1228 1172 sub-

165 1217 303 1281 stantivo
325 1221 381 1280 aut
404 1215 602 1281 substantivo
628 1236 700 1279 cum
723 1215 910 1298 pronomine
935 1215 1041 1298 alique
1059 1216 1228 1281 coniuncto

165 1328 220 1387 aut
232 1324 413 1405 pronomini
424 1324 685 1388 demonstrativo.
703 1327 814 1387 nostro
827 1323 1075 1405 interpretamur
1085 1344 1229 1389 sermone

167 1429 291 1514 „dass“.
337 1431 559 1512 perspicuitati
586 1435 622 1492 ut
650 1427 785 1493 satisfiat
813 1428 948 1492 aliorum
977 1429 1154 1511 exemplum
1184 1431 1230 1494 ita

164 1537 254 1620 sequi
278 1537 415 1619 expedit,
439 1542 476 1601 ut
499 1536 613 1619 singuli
637 1537 858 1601 discernantur
875 1557 966 1600 casus
983 1537 1098 1619 quibus
1114 1558 1228 1602 nomen

163 1644 241 1707 illud
269 1645 424 1708 enuntiati
452 1644 635 1726 principalis
658 1647 714 1707 aut
737 1664 918 1725 prenomen
941 1641 1086 1723 effertur,
1120 1665 1228 1726 quam-

164 1772 259 1833 quam
292 1751 374 1815 hanc
410 1751 646 1816 distinctionem
677 1755 767 1832 patet
798 1749 839 1814 ad
868 1750 1098 1814 immutandam
1128 1752 1228 1834 ipsam

164 1858 396 1922 coniunctionis
422 1858 549 1940 „qu0d“
576 1856 839 1940 significationem
862 1857 939 1920 nihil
962 1857 1076 1922 valere.

229 1964 263 2050 a)
287 1963 462 2031 Videamus
478 1964 576 2046 igitur
593 1964 631 2028 de
649 1963 864 2027 substantivis.
895 1969 969 2046 apte
983 1964 1060 2027 dicit
1073 1964 1227 2028 Reussius

161 2070 182 2133 l.
200 2091 227 2134 c.
250 2092 282 2152 p.
308 2075 365 2134 23:
397 2070 504 2154 „qued
529 2070 727 2134 substantivo
753 2070 944 2152 generaliter
965 2070 1030 2134 iam
1053 2071 1227 2135 indicatum

163 2182 220 2256 est,
244 2177 278 2241 id
295 2178 458 2242 enuntiato
475 2199 533 2259 per
552 2177 677 2260 ,0000ιι
696 2176 807 2241 addito
828 2177 1008 2259 specialiter
1024 2178 1226 2260 exponitur·“.

162 2284 300 2365 genetivi
327 2289 381 2348 aut
410 2283 507 2347 dativi
535 2284 751 2348 enuntiatione
780 2283 900 2348 causali
929 2305 967 2347 ex
999 2285 1125 2367 ,00011α
1160 2306 1226 2348 sus-

162 2411 264 2471 pensa
286 2390 446 2472 explanati
469 2390 613 2473 exempla
636 2391 721 2472 apud
745 2388 900 2454 Senecam
923 2412 988 2455 non
1010 2392 1148 2473 repperi.
1195 2392 1226 2454 iu

162 2496 357 2561 nominativo
392 2502 499 2560 autem
539 2518 615 2561 casu
652 2497 885 2561 substantivum
923 2496 1010 2580 qued
1050 2497 1227 2578 explicatur

162 2602 352 2666 collocatum
388 2608 436 2667 est
470 2603 533 2666 his:
573 2603 613 2667 de
644 2602 716 2667 ben.
741 2603 794 2667 lIl
819 2608 853 2684 3,
885 2606 919 2666 1:
962 2609 1111 2685 „praeter
1144 2604 1226 2669 hanc

162 2730 291 2773 causam
308 2709 389 2773 aliae
406 2730 533 2792 quoque
550 2715 633 2791 suut,
652 2731 733 2792 quae
749 2710 839 2775 nobis
852 2711 966 2775 merita
978 2732 1042 2774 uon
1054 2732 1227 2793 numquam

161 2815 298 2878 maxima
321 2815 466 2880 evellant.
513 2817 616 2898 prima
646 2817 785 2880 omnium
809 2838 847 2881 ac
870 2817 1103 2899 potentissima,
1139 2818 1225 2899 quod

161 2922 248 2985 novis
273 2943 398 3004 semper
422 2922 649 3004 cupiditatibus
673 2925 820 3005 occupati
844 2945 916 3005 non,
941 2923 1017 3006 quid
1040 2923 1225 3003 habeamus

161 3027 218 3091 sed
250 3027 327 3110 quid
353 3035 510 3112 petamus,
539 3029 758 3111 werinbold.
805 3031 906 3093 altera
937 3030 1008 3093 dein
1040 3051 1136 3093 causa
1164 3031 1225 3095 hoc

160 3133 231 3198 loco
262 3134 392 3199 additur
420 3157 479 3217 per
513 3135 676 3219 „sequitur
706 3139 812 3199 autem
842 3137 897 3198 ut“
928 3157 955 3198 e.
981 3158 1011 3217 q.
1036 3158 1061 3199 a.
1109 3158 1157 3219 ep.
1183 3159 1224 3200 m.

164 3245 236 3323 117,
263 3245 320 3306 10:
348 3264 465 3326 „unum
485 3243 567 3306 enim
589 3242 634 3307 illi
656 3243 777 3320 deerat,
803 3243 970 3325 quominus
991 3242 1111 3307 bouum
1131 3250 1223 3325 esset,

161 3348 246 3430 quod
278 3349 481 3431 incorporale
512 3351 612 3414 erat“.
660 3350 690 3413 d.
714 3349 766 3417 IV
793 3354 841 3430 19,
873 3354 905 3414 3:
944 3372 1061 3432 „causa
1089 3373 1146 3414 cur
1174 3352 1224 3414 hic

159 3455 357 3538 potissimum
391 3456 577 3538 adsignetur
608 3457 674 3521 irae
704 3456 809 3538 laeua,
845 3479 910 3521 uon
939 3456 1000 3520 alia
1028 3465 1093 3539 est,
1130 3479 1225 3539 quam

160 3562 248 3644 quod
270 3562 302 3626 in
325 3567 395 3627 1010
419 3583 556 3645 corpore
580 3562 806 3627 calidissimum
829 3568 942 3646 pectus
966 3565 1047 3629 est“.

227 3667 414 3733 Accusativi
445 3668 525 3734 haec
561 3670 717 3734 exsistunt
753 3669 911 3752 exempla:
947 3670 977 3733 d.
1008 3669 1083 3734 XII
1118 3675 1153 3752 2,
1190 3676 1222 3734 3:

162 3796 278 3858 „unum
301 3774 400 3840 habet
416 3774 550 3840 adsidua
565 3775 733 3839 infelicitas
749 3775 877 3858 bouum,
902 3776 987 3859 quod
1004 3797 1084 3859 quos
1102 3798 1224 3856 semper

159 3887 262 3962 vexat,
286 3882 453 3946 novissime
476 3882 638 3946 indurat“.
684 3882 825 3947 eiusdem
851 3884 974 3965 generis
999 3889 1073 3946 sunt
1095 3883 1135 3948 de
1152 3884 1222 3948 ben.

158 3987 226 4054 VH
253 3992 303 4069 11,
328 3992 362 4072 2,
387 4011 437 4071 ep.
461 4011 502 4051 m.
527 3992 579 4069 47,
606 3993 639 4068 5,
666 3993 717 4068 58,
743 3993 801 4070 233
827 3993 879 4072 94,
907 3995 935 4053 7.

224 4095 264 4158 10
288 4095 425 4160 ablativo
451 4095 683 4160 substantivum
698 4096 838 4177 positum
853 4096 980 4180 repperi
1000 4119 1031 4162 0.
1046 4119 1098 4180 qu.
1116 4097 1167 4165 IV
1184 4103 1219 4160 8:
