2782 4776
584 428 805 488 ..17-

162 624 272 684 epm.
299 605 350 683 33,
370 607 403 683 73
430 605 481 682 71,
499 606 537 683 23
562 604 685 682 97,16.
715 605 794 683 puto
819 606 926 666 autem
949 600 1120 666 cohaerere
1142 601 1227 665 hunc

160 731 255 773 usum
275 731 347 774 cum
363 709 512 773 ubertate
527 708 666 791 quadam
682 708 746 772 stili
762 705 932 773 Annaeani
949 713 1005 774 aut
1021 708 1227 773 abundantia.

161 815 339 882 suffecisset
364 816 447 881 enim
470 815 584 898 opinor
607 814 647 879 ad
672 815 862 881 sententiam
878 815 1125 881 exhauriendam
1140 813 1228 880 haud

160 945 236 988 raro
266 923 443 989 membrum
471 922 511 988 ab
543 923 656 1009 ῃ11166ιι
685 922 839 1005 incipiens
864 943 927 1006 quo
950 923 1120 1002 indicatur,
1151 921 1229 1006 quid

160 1031 321 1115 prioribus
345 1030 511 1096 efficiatur.
537 1030 594 1096 sed
617 1031 756 1114 scriptor
780 1031 840 1095 sibi
862 1031 931 1113 ipse
948 1030 1039 1114 quasi
1054 1052 1120 1095 non
1136 1031 1227 1095 satis-

160 1138 282 1203 faciens
313 1138 418 1204 denuo
452 1159 580 1203 causam
614 1137 704 1202 addit
731 1139 798 1202 eius
828 1159 923 1220 quam
955 1139 987 1202 in
1011 1137 1228 1221 superioribus

161 1251 468 1311 commemoraverat
491 1266 557 1309 non
581 1244 767 1309 absimilem.
791 1244 868 1309 nihil
890 1245 987 1328 igitur
1009 1245 1125 1309 mirum
1141 1244 1230 1327 quod

160 1354 194 1417 in
220 1352 375 1418 eiusmodi
391 1352 542 1437 exemplis
559 1351 598 1416 de
616 1350 834 1435 distinguendi
849 1352 974 1417 ratione
990 1352 1073 1417 inter
1088 1351 1229 1417 editores

161 1464 275 1524 cautos
304 1459 469 1541 ceteroqui
500 1463 532 1523 et
559 1458 682 1540 peritos
709 1479 778 1522 nou
803 1458 920 1541 ubique
951 1458 1109 1524 convenit.
1142 1457 1230 1540 quod

160 1571 198 1630 ut
225 1586 291 1630 uno
323 1566 462 1630 alterove
490 1565 634 1648 exemplo
663 1563 807 1646 patefiat,
839 1565 878 1630 de
907 1565 978 1631 ben.
1002 1565 1040 1628 H
1064 1568 1115 1647 21,
1142 1568 1160 1627 3
1184 1564 1230 1628 sic

160 1672 360 1755 interpungit
375 1671 536 1736 Haasius:
564 1678 634 1755 ,est
650 1670 763 1753 aliquis
780 1671 903 1754 dignus,
928 1692 1026 1754 aquo
1043 1669 1230 1736 beneficium

161 1779 328 1860 accipiam,
360 1778 418 1842 sed
446 1777 535 1842 danti
563 1778 745 1842 nociturum
770 1783 834 1843 est:
865 1777 938 1843 ideo
970 1799 1035 1843 non
1065 1777 1228 1859 accipiam,

162 1886 238 1969 quia
271 1884 324 1949 ille
358 1889 490 1966 paratus
526 1889 575 1948 est
603 1884 677 1948 mihi
710 1906 780 1948 cum
807 1884 1012 1949 incommodo
1043 1889 1099 1949 aut
1134 1885 1229 1948 etiam
1287 1927 1288 1930 κ

161 1991 305 2074 periculo
339 2013 398 2055 suo
432 1991 619 2072 prodesset
656 1996 771 2055 contra
799 1988 948 2056 Gertzius
979 1991 1042 2055 sic:
1078 1997 1147 2076 ,est

161 2099 344 2163 nociturum
366 2102 431 2179 est,
456 2097 528 2162 ideo
623 2098 809 2179 prodesset
833 2096 909 2162 ibid.
926 2097 958 2165 V
977 2102 1027 2178 12,
1046 2101 1064 2160 5
1088 2098 1172 2161 inter
1196 2118 1230 2161 se

162 2207 335 2271 coniuncta
362 2205 441 2287 legis
470 2204 556 2286 apud
578 2205 751 2269 Haasium:
785 2205 956 2287 ,quamdiu
990 2210 1098 2269 autem
1127 2204 1229 2269 malus

162 2317 221 2394 est,
246 2333 339 2376 nemo
363 2311 408 2374 illi
432 2311 507 2375 dare
530 2309 718 2375 beneficium
741 2316 858 2393 potest,
884 2312 958 2394 quia
977 2311 1063 2376 bona
1083 2311 1230 2393 malaque

162 2418 354 2482 dissentiunt
382 2439 441 2482 neo
469 2418 501 2480 in
531 2438 629 2481 unum
658 2422 747 2482 eunt:
782 2416 855 2482 ideo
885 2439 979 2482 nemo
1011 2417 1056 2481 illi
1085 2417 1229 2500 prodest,

163 2527 240 2608 quia
273 2524 425 2608 quicquid
455 2524 495 2590 ad
525 2524 612 2588 illum
640 2526 794 2608 pervenit,
826 2525 860 2589 id
882 2546 982 2608 pravo
1006 2546 1065 2589 usu
1089 2545 1230 2588 corrum-

161 2633 281 2716 pitur“,
311 2631 485 2696 dissociata
513 2631 624 2696 eadem
652 2637 750 2714 utque
779 2631 819 2696 ab
846 2632 958 2717 ,ideo“
984 2653 1067 2697 nova
1098 2632 1230 2714 incipiat

160 2738 314 2820 periodus
331 2737 417 2821 apud
433 2735 611 2803 Gertzium:
632 2737 803 2822 „quamdiu
817 2786 824 2801 .
837 2786 864 2802 ..
882 2744 967 2803 eunt.
985 2738 1058 2803 ideo
1075 2759 1168 2803 nemo
1182 2786 1188 2801 .
1202 2785 1229 2801 ..

162 2845 410 2927 corrumpitur“.
445 2865 505 2908 nec
541 2843 671 2908 dubium
702 2844 827 2911 videtur
862 2845 939 2928 quin
974 2845 1092 2910 clarior
1121 2844 1230 2909 futura

161 2951 260 3015 fuerit
286 2951 370 3015 ratio
399 2951 608 3033 grammatica
637 2951 664 3015 si
687 2952 833 3035 asyndeti
855 2952 959 3016 minus
983 2972 1093 3017 amans
1116 2950 1230 3015 fuisset

162 3056 297 3123 Seneca.
325 3057 412 3122 velut
441 3057 475 3121 in
505 3057 568 3122 hoc
597 3058 760 3122 enuntiato
789 3057 828 3123 de
856 3059 928 3124 ben.
958 3058 1026 3126 VII
1050 3063 1081 3141 4,
1108 3062 1145 3121 3:
1178 3063 1230 3142 ,et

162 3168 253 3229 totus
290 3185 367 3247 ager
395 3161 421 3252 †
452 3169 507 3228 aut
538 3163 632 3227 ullius
664 3165 711 3229 rei
743 3165 888 3249 publicae
921 3170 979 3248 est,
1011 3186 1084 3249 pars
1117 3164 1230 3229 deinde

163 3292 221 3335 suo
258 3269 388 3335 domino
427 3292 571 3354 quaeque
610 3276 767 3336 censetur.
806 3271 943 3354 ideoque
978 3271 1100 3336 donare
1134 3292 1230 3354 agros

161 3382 293 3441 nostros
309 3377 355 3442 rei
370 3376 517 3460 publicae
533 3398 712 3460 possumus,
731 3378 873 3459 quamvis
888 3378 972 3441 illius
989 3398 1059 3443 esse
1072 3377 1228 3459 dicantur,

163 3485 240 3569 quia
263 3485 356 3550 aliter
378 3485 462 3549 illius
490 3492 573 3568 sunt,
608 3485 700 3550 aliter
727 3485 821 3568 mei“,
851 3486 907 3549 ubi
937 3489 1045 3567 spreto
1077 3485 1229 3570 asyndeto

162 3614 236 3657 non
255 3592 367 3676 „ideo“
394 3592 451 3657 sed
477 3592 653 3677 ,11166666α
684 3593 764 3657 dixit
789 3591 953 3673 Annaeus
985 3593 1037 3655 vix
1063 3592 1230 3675 quisquam

163 3698 325 3764 dubitabit
360 3699 435 3780 quin
472 3698 583 3783 ,ideo“
621 3720 698 3763 voce
733 3699 783 3764 via
816 3700 978 3763 muniatur
1015 3698 1057 3763 ad
1095 3719 1230 3781 sequens

165 3805 294 3890 ,quia“,
318 3814 405 3870 certe
430 3804 569 3870 editores
594 3810 667 3870 ante
695 3806 869 3890 ,ideoque“
893 3805 1017 3888 plenius
1034 3805 1231 3888 distinguunt

163 3932 276 3977 omnes
308 3910 485 3997 (censetur.
510 3916 648 3993 ideoque
675 3912 846 3977 Fickertus
870 3911 1022 3993 HaasiuS,
1058 3923 1230 3992 censerem

161 4022 303 4099 ideoque
326 4015 500 4103 Gertzius).
532 4018 646 4082 deinde
661 4020 772 4100 paucis
788 4024 962 4083 tractemus
977 4018 1084 4082 locum
1101 4017 1140 4083 de
1156 4019 1228 4082 ben.

161 4125 195 4194 V
214 4128 264 4204 19,
284 4128 317 4186 5:
345 4124 568 4207 ῃ111161111111116,
592 4145 664 4187 cum
686 4123 782 4188 filium
803 4130 892 4188 tuum
909 4124 1040 4205 servavi,
1063 4123 1105 4188 ad
1128 4145 1231 4206 genua

1017 4250 1034 4301 2
