2782 4776
498 469 715 530 ...53-

74 646 120 708 sit
143 644 353 709 decernenda.
398 666 495 709 causa
519 667 600 727 quae
623 646 706 709 inest
721 646 755 707 iu
770 645 1031 708 antecedentibus
1054 665 1141 727 repe·

74 752 157 815 titur
188 757 302 834 postea
336 773 392 834 per
423 752 619 835 subsequens
653 752 852 815 enuntiatum
879 774 917 816 ex
949 753 1140 835 ,quoniam“

74 880 275 939 suspensum.
295 858 437 922 conferas
454 882 573 941 quaeso
590 860 659 941 ipsa
676 860 828 940 exempla.
853 858 893 923 de
909 857 981 923 ben.
995 858 1027 926 V
1043 862 1093 940 12,
1110 863 1140 921 7:

78 986 177 1047 „ergo
202 964 277 1029 nihil
301 971 410 1048 potest
426 965 466 1030 ad
483 966 583 1031 malos
599 966 773 1049 pervenire,
798 964 885 1046 quod
908 966 1021 1047 prosit,
1046 966 1142 1030 immo

75 1071 165 1152 nihil,
202 1071 287 1152 quod
321 1093 383 1134 non
419 1079 551 1154 noceat,
587 1093 805 1154 quaecumque
840 1073 921 1135 enirn
951 1072 1011 1136 illis
1044 1073 1143 1137 conti-

76 1183 203 1262 gerunt,
231 1180 263 1242 in
294 1184 440 1243 natiuam
469 1201 560 1243 suam
583 1184 712 1243 vertunt
736 1186 769 1243 et
792 1183 882 1243 extra
905 1181 1049 1262 speciosa
1070 1201 1142 1262 pro-

77 1285 259 1368 l'ut-uraque,
284 1286 310 1348 si
327 1285 510 1349 melioribus
527 1286 688 1366 darentur,
711 1286 771 1349 illis
787 1285 939 1368 pestifera
954 1291 1038 1350 sunt.
1069 1286 1142 1351 idco

77 1412 138 1454 nec
158 1391 344 1455 beneficium
369 1392 446 1456 dare
469 1397 614 1475 possunt,
638 1393 786 1475 quoniam
806 1413 899 1457 nemo
916 1397 1034 1474 potest,
1058 1391 1143 1474 quod

78 1497 266 1579 nonhabet,
285 1497 381 1562 daret
402 1521 429 1562 e.
443 1522 473 1581 q.
488 1521 512 1561 s,
548 1521 656 1581 epm.
676 1503 727 1580 74,
748 1503 803 1561 19:
831 1499 960 1581 ,paucis
984 1499 1144 1581 deponere

76 1604 265 1668 felicitatem
285 1605 422 1668 molliter
441 1605 539 1671 licuit.
572 1607 670 1669 ceteri
694 1627 763 1669 cuni
787 1606 834 1686 iis,
858 1607 941 1670 inter
963 1626 1045 1688 quac
1069 1606 1143 1668 emi-

78 1733 188 1793 nuere,
216 1711 367 1775 lalnmtur
391 1717 423 1775 et
451 1712 522 1776 illos
546 1711 721 1794 degravant
744 1713 823 1795 ipsa,
847 1734 929 1795 quae
953 1712 1142 1777 extulerant.

80 1818 154 1882 ideo
179 1817 382 1881 adhibebitur
405 1818 585 1900 prudentia,
609 1841 691 1901 quae
715 1820 844 1883 modum
874 1820 934 1882 illis
962 1826 1019 1884 aut
1046 1820 1143 1902 parsi-

80 1926 216 1988 moniam
233 1925 385 2006 imponat,
407 1926 554 2006 quoniam
579 1925 707 2007 (pridem
727 1926 855 1990 licentia
871 1946 949 2007 opes
965 1947 1037 1989 suas
1053 1947 1142 2007 prae-

81 2032 193 2113 cipitat
218 2036 314 2113 atquc
339 2032 463 2113 urget“.

147 2138 229 2201 Post
254 2160 291 2202 ea
314 2160 396 2219 quae
421 2161 518 2222 supra
534 2139 574 2202 de
590 2139 755 2221 principali
772 2140 948 2221 particulae
964 2139 1143 2222 significatu

82 2244 156 2323 dixi,
187 2245 237 2307 vix
266 2245 381 2308 mirum
410 2245 568 2310 videbitur
595 2245 682 2328 quod
713 2252 817 2311 exstat
841 2248 937 2311 etiam
959 2248 1059 2328 locus,
1090 2247 1144 2311 uhi

84 2352 159 2434 ,sed
184 2351 353 2433 quoni-<md
380 2352 555 2416 introducit
577 2353 611 2417 id
635 2354 833 2417 enuntiatum
857 2376 920 2437 quo
944 2377 1019 2418 vera
1048 2376 1145 2418 cansa

83 2459 264 2522 continetur
302 2458 557 2541 indebitamque,
593 2481 664 2524 oum
696 2460 771 2524 licta
802 2466 834 2524 et
862 2462 952 2542 quasi
983 2482 1040 2543 per
1070 2482 1143 2524 con-

82 2568 233 2629 iecturam
257 2566 364 2647 posita
387 2566 539 2630 all'eratur
555 2588 614 2648 per
634 2567 826 2651 ,1101111111ιι
846 2589 916 2632 cum
933 2568 1143 2633 coniunctivo.

81 2677 130 2735 est
153 2672 255 2752 loono,
290 2672 378 2735 cuius
407 2672 469 2735 ianr
502 2694 600 2754 supra
627 2677 760 2755 propter
790 2673 883 2737 aliam
907 2695 1036 2738 causam
1058 2695 1144 2738 rnen-

82 2779 200 2842 tionem
224 2778 387 2843 iniecirnns
411 2802 441 2842 n.
460 2802 512 2861 qu.
531 2780 561 2846 V
583 2784 631 2861 17,
653 2783 683 2842 1;
712 2781 836 2863 ,placet
853 2786 958 2844 autem
978 2780 1145 2844 duodecim

82 2891 191 2948 ventos
216 2906 294 2964 esse,
320 2907 384 2949 non
400 2886 474 2968 quia
490 2884 609 2967 ubique
626 2891 677 2950 tot
693 2887 766 2968 sint,
788 2888 942 2969 quosdam
960 2889 1044 2952 enirn
1059 2887 1146 2951 incli-

82 2993 168 3056 natio
181 2996 341 3055 terrarum
355 2992 505 3074 excludit,
519 2993 575 3058 sed
588 2993 740 3075 quoniam
751 3016 906 3077 nusquam
918 2994 1026 3076 plures
1038 2999 1144 3059 suno‘.

148 3098 304 3164 Fortasse
326 3099 387 3164 hac
405 3100 572 3164 occasione
595 3100 704 3164 oblata
720 3121 835 3184 operae
851 3103 989 3184 pretium
1005 3108 1055 3166 est
1071 3103 1146 3167 addi

83 3207 201 3288 aliquid
230 3207 269 3271 cle
298 3208 451 3289 singulari
476 3207 614 3290 quadam
638 3209 792 3273 enuntiati
815 3231 834 3274 a
861 3211 1048 3293 ,1110111111α
1073 3233 1145 3292 par·

83 3313 179 3376 ticula
207 3314 376 3394 pendentis
402 3314 622 3378 collocatione.
666 3315 715 3378 bis
743 3317 826 3380 enim
854 3316 916 3380 hoc
947 3319 1146 3381 enuntiatum

85 3421 172 3501 quasi
196 3421 227 3484 iu
251 3421 434 3501 parenthesi
459 3421 641 3503 appositum
665 3422 706 3485 ad
730 3444 826 3486 unam
849 3445 960 3487 vocem
987 3424 1144 3506 explican-

84 3525 156 3590 dam
179 3532 326 3609 spectare
349 3527 483 3608 videtur,
508 3532 544 3590 ut
567 3533 674 3592 tamen
697 3551 732 3593 re
756 3551 830 3593 vera
845 3529 888 3595 ad
903 3535 1006 3595 totam
1022 3535 1145 3594 senten-

84 3633 158 3697 tiam
183 3635 224 3696 sit
247 3634 457 3714 referendum,
483 3657 546 3716 qua
570 3634 788 3701 artificiosiore
811 3637 1026 3701 membrorum
1050 3637 1146 3701 collo-

85 3743 209 3806 catione
227 3740 348 3807 Seneca
371 3743 577 3824 principalem
598 3744 752 3809 enuntiati
769 3745 959 3809 senteutiam
976 3767 1013 3809 eo
1029 3745 1145 3810 clarius

84 3855 156 3912 anto
187 3848 298 3913 oeulos
330 3851 432 3930 ponit.
466 3871 504 3912 en
534 3850 711 3931 exemplum
741 3851 780 3915 de
803 3851 876 3915 hen.
900 3852 950 3919 IV
974 3858 1004 3934 o,
1032 3855 1065 3914 l:
1100 3854 1145 3935 „si

84 3957 249 4035 pecuniam
273 3955 331 4019 tibi
355 3955 467 4038 aliquis
493 3956 657 4021 donaverit
680 3963 712 4020 et
735 3979 839 4021 arcam
864 3963 962 4040 tuam,
996 3960 1145 4041 quoniam

84 4060 141 4124 tibi
164 4061 197 4125 id
220 4084 368 4144 magnum
393 4062 527 4145 videtur,
551 4063 737 4146 impleverit,
769 4065 956 4129 beneficium
983 4066 1143 4131 vocabis“.

86 4169 256 4250 „quoniam
282 4220 287 4230 .
312 4218 318 4234 .
342 4218 348 4231 .
373 4169 518 4234 videtur“
554 4168 595 4233 ad
629 4176 730 4236 totam
764 4172 919 4236 enuntiati
954 4174 1143 4238 sententiam
