2782 4776
579 433 801 494 -29-

164 630 216 693 ,eo
240 609 369 673 nomine
386 608 510 692 quod“3
535 608 565 672 d.
587 607 623 671 X
649 611 701 690 20,
718 610 755 672 4;
784 608 889 692 ,nullo
907 610 969 674 alio
986 611 1113 676 nornine
1130 630 1226 691 quain

162 716 277 799 quod“.
302 717 381 780 haec
406 721 549 781 extrema
573 717 599 780 si
622 717 798 799 respexeris
822 716 987 797 intelleges
1012 717 1125 798 opinor
1148 736 1225 797 quo-

160 823 253 888 modo
280 823 504 906 corrigendum
528 823 570 886 sit
594 824 624 890 d.
649 822 705 886 IX
732 827 782 903 10,
801 828 831 903 2,
856 821 909 886 ubi
933 844 1004 886 curn
1028 823 1060 886 in
1084 821 1117 885 A
1141 821 1225 905 lega-

160 936 208 994 tur
235 945 317 1014 ,qua
333 941 371 996 cn
392 928 518 1013 scir&“,
541 936 630 995 recte
654 951 704 994 1111
728 929 831 993 iudice
855 930 1024 1011 proposuit
1039 930 1102 993 iam
1117 929 1226 995 Mure·

159 1042 223 1100 tus:
253 1035 360 1120 ,nullo
381 1038 493 1102 melius
509 1038 636 1103 nomine
660 1036 699 1100 de
719 1036 812 1101 nobis
835 1042 951 1100 natura
967 1037 1091 1119 meruit,
1117 1059 1225 1119 quam

160 1143 363 1225 quodcum
391 1144 497 1226 sciret,
529 1144 642 1227 quibus
672 1145 831 1208 aerumnis
855 1166 1067 1225 nasceremur,
1100 1144 1225 1209 calami-

160 1254 260 1313 tatum
283 1250 514 1316 mollimentum
540 1251 804 1317 consuetudinem
827 1251 963 1316 invenit“
991 1274 1018 1316 1.
1044 1275 1073 1333 q.
1099 1273 1142 1333 1.,
1175 1253 1225 1316 cni

160 1356 306 1438 equidem
341 1379 405 1422 non
440 1359 644 1441 praetulerim
680 1358 767 1440 quod
798 1357 930 1423 Gertaio
963 1359 1085 1441 placuit
1122 1381 1226 1441 ,quae

160 1483 228 1526 cum
253 1463 371 1528 111111α
398 1485 425 1528 1.
450 1486 481 1547 q.
506 1487 530 1529 1.

223 1567 467 1634 Substantivum
498 1592 570 1635 cum
600 1571 788 1654 pronomine
813 1572 1018 1636 coniunctum
1041 1571 1180 1653 pendere
1205 1593 1225 1634 a

160 1676 397 1757 praepositione
422 1676 500 1759 ,111ιι
527 1677 587 1741 hoc
611 1698 675 1741 uno
698 1676 906 1760 comprobare
922 1698 1051 1759 possum
1068 1677 1223 1759 exemplo,

161 1805 205 1866 ep.
229 1806 272 1850 m.
299 1787 351 1864 29,
379 1788 410 1847 l:
448 1806 542 1867 ,raro
575 1785 617 1849 ad
648 1806 707 1849 nos
740 1787 834 1868 venit,
868 1786 954 1849 nulla
981 1786 1043 1850 alia
1066 1807 1104 1850 ex
1128 1806 1224 1849 cansa

162 1911 252 1970 quam
289 1889 377 1972 quod
411 1890 521 1954 audire
556 1913 664 1955 verum
699 1892 809 1956 1111111ιι
849 1915 875 1958 1.
901 1915 930 1974 q.
956 1914 980 1955 s.
1006 1892 1140 1974 denique
1173 1891 1223 1954 nic

161 1996 320 2059 addantur
343 1996 406 2061 duo
431 1997 576 2079 exempla
606 1998 719 2080 quibus
742 1997 859 2079 legitur
892 1999 952 2083 ,ob
982 1999 1099 2062 nnllam
1130 1997 1222 2060 aliam

162 2125 297 2185 causam,
316 2126 411 2187 quam
428 2106 546 2187 quod“.
583 2106 622 2171 de
639 2107 728 2171 clem.
745 2107 763 2170 Ι
782 2111 832 2189 10,
852 2112 885 2170 3:
905 2107 1005 2189 ,bene
1022 2107 1064 2170 illi
1081 2105 1223 2187 parentis

161 2233 273 2275 nomen
299 2213 484 2277 convenisse
506 2212 645 2277 fatemur
663 2214 704 2278 ob
720 2214 837 2277 nullam
853 2213 947 2277 aliam
964 2234 1101 2293 cansam,
1126 2233 1222 2294 quam

163 2318 246 2400 quod
275 2319 484 2384 contumelias
514 2342 642 2403 quoque
667 2342 740 2385 suas
767 2372 825 2387 ...
851 2321 938 2384 nulla
962 2320 1149 2384 crudelitate
1174 2340 1224 2382 ex-

163 2424 374 2506 sequebatur“
393 2447 419 2492 1.
434 2447 463 2507 q.
478 2447 502 2491 1.
521 2426 560 2489 de
576 2426 650 2489 ben.
667 2426 723 2489 III
740 2430 791 2508 32,
811 2431 848 2489 3:
875 2433 1020 2508 „cetoros
1037 2445 1223 2489 enumerare

161 2529 287 2614 longum
318 2538 378 2614 est,
409 2533 463 2614 qui
493 2532 610 2597 durant
639 2533 679 2597 ob
703 2533 818 2597 nullam
842 2533 937 2597 aliam
961 2554 1095 2612 causam,
1127 2553 1224 2614 quam

164 2638 268 2719 quod“
295 2659 322 2702 1.
340 2659 369 2720 q.
388 2660 413 2702 1.

223 2743 255 2829 1)
280 2742 365 2808 Arte
388 2765 460 2808 cum
484 2746 636 2827 exemplis
659 2746 754 2810 modo
779 2746 1033 2810 commemoratis
1055 2766 1093 2808 ea
1108 2744 1223 2809 cohae-

160 2856 238 2933 rent,
269 2849 325 2913 ubi
353 2852 551 2916 enuntiatum
574 2853 752 2934 particulae
780 2853 907 2938 ,quod“
933 2853 1110 2917 subiectum
1133 2873 1223 2934 prae-

161 2957 300 3022 cedentis
333 2960 530 3039 pronominis
566 2960 744 3024 correlativi
780 2961 841 3024 vim
877 2960 1000 3025 dilatat.
1040 2960 1222 3042 saepissime

160 3071 264 3130 autom
295 3065 328 3128 in
360 3066 554 3130 nominativo
588 3088 664 3131 casu
696 3069 889 3149 pronomina
911 3068 1017 3151 posita
1041 3071 1123 3131 sunt.
1148 3065 1223 3147 legi-

160 3194 225 3236 mus
253 3172 335 3256 ,hoc
353 3220 360 3235 .
380 3220 412 3235 ..
437 3173 542 3255 quod“
570 3174 743 3239 tredecies:
778 3175 808 3238 d.
833 3175 865 3242 V
889 3180 942 3256 27,
968 3179 1002 3238 2;
1041 3173 1173 3258 ,deinde
1197 3173 1224 3235 si

161 3287 266 3344 cetera
296 3279 445 3343 animalia
477 3280 539 3344 1111
570 3281 635 3345 irae
668 3287 742 3346 tuae
775 3281 940 3364 subducit,
975 3281 1059 3363 quod
1091 3280 1223 3344 consilio

161 3393 281 3469 carent,
316 3386 429 3451 eodem
463 3388 535 3451 loco
570 3388 628 3452 tibi
663 3390 720 3471 sit,
756 3389 897 3470 quisquis
934 3387 1065 3451 consilio
1102 3386 1222 3449 earet“.

160 3491 188 3554 d.
211 3492 301 3560 VIII
328 3496 355 3575 1,
380 3498 416 3573 2,
441 3493 496 3556 IX
521 3499 550 3576 2,
579 3498 636 3574 15,
663 3494 715 3556 IX
743 3498 791 3574 14,
816 3498 852 3574 4,
876 3494 912 3556 X
937 3499 967 3566 9,
994 3498 1030 3575 3,
1054 3493 1090 3556 X
1116 3496 1221 3573 13,5;

159 3597 211 3662 XI
235 3605 265 3681 9,
290 3601 328 3682 4,
361 3601 400 3664 de
429 3601 519 3664 clem.
551 3601 645 3682 125,
671 3606 704 3681 2,
738 3601 776 3664 de
800 3601 872 3665 ben.
901 3602 1010 3684 1117,
1039 3605 1071 3684 1,
1108 3622 1156 3683 ep,
1181 3620 1221 3661 m.

159 3707 209 3787 44,
238 3710 272 3789 1,
298 3709 349 3787 55,
378 3711 413 3786 7,
438 3709 491 3789 84,
518 3711 556 3788 2,
582 3711 633 3783 90,
660 3712 688 3772 2.
721 3713 881 3771 extremus
908 3707 1000 3772 locus
1031 3728 1068 3771 11
1093 3706 1223 3788 insignis

160 3817 205 3875 est
229 3812 318 3894 qnod
341 3813 439 3877 verba
464 3835 567 3897 ,nnnc
592 3815 675 3878 enim
699 3813 760 3878 boc
783 3815 815 3877 in
837 3814 891 3878 illa
919 3817 1095 3896 pretiosum
1126 3819 1222 3895 atque

159 3918 358 4002 magnificum
385 3921 452 3984 est“
490 3921 593 3986 tribus
626 3922 775 3985 membris
798 3922 845 3985 ita
868 3923 1079 4003 excipiuntur,
1107 3929 1143 3985 ut
1173 3927 1224 3985 tor

159 4045 214 4105 per
237 4026 434 4109 anaphoram
456 4051 520 4110 qua
535 4051 736 4111 summopere
754 4029 932 4093 delectatur
948 4026 1070 4092 Seneca
1086 4035 1224 4111 ponatur

164 4134 306 4215 ,quod“:
345 4135 455 4217 ,quod
489 4156 554 4198 non
587 4135 725 4216 obvenit,
761 4135 847 4218 quod
881 4134 966 4199 illam
997 4135 1057 4199 sibi
1091 4137 1223 4218 quisque
