2782 4776
596 410 818 469 „21-

170 605 303 666 crepare
334 583 425 665 alios,
457 604 524 648 non
552 584 627 666 quia
654 584 731 664 odit,
765 583 823 648 sed
852 583 885 647 in
912 583 1088 648 remedium
1114 583 1239 649 iuben.

169 689 374 754 manifestum
399 694 447 754 est
470 711 598 754 sensum
620 690 723 755 inesse
747 689 851 754 verbis
874 689 973 753 hunc:
1009 690 1091 773 „illa
1117 690 1167 754 cui
1190 712 1238 754 sa·

168 797 290 881 pientia
306 797 449 880 contigit,
473 818 539 861 non
557 795 657 861 odit‘t
693 795 924 880 exspectandus
944 797 1042 879 igitur
1058 801 1108 861 est
1123 796 1237 861 modus

169 904 401 985 coniunctivus,
425 903 553 967 Reussii
569 902 596 967 si
611 924 686 968 vera
702 908 750 968 est
767 902 960 968 observatio.
996 925 1068 967 cum
1088 902 1137 967 his
1157 903 1236 968 locis

169 1030 329 1094 compono
353 1011 482 1075 tertium
507 1009 561 1092 qui
585 1014 635 1074 est
658 1010 688 1074 d.
704 1010 741 1073 II
768 1013 818 1091 12,
844 1015 878 1074 3:
906 1015 958 1093 „et
981 1009 1153 1092 aliquando
1178 1010 1235 1095 (sc.

168 1118 311 1203 sapiens)
342 1116 412 1181 illos
442 1122 607 1198 tamquam
634 1137 751 1200 pueros
777 1116 862 1181 malo
890 1137 1059 1199 poenaque
1086 1116 1238 1181 admonet

167 1223 311 1312 [afficit],
343 1245 407 1289 non
439 1225 516 1306 quia
545 1224 670 1305 accepit
700 1224 864 1306 iniuriam,
897 1223 953 1288 sed
985 1224 1060 1307 quia
1089 1223 1234 1289 fecerunt

168 1337 202 1397 et
226 1337 263 1396 ut
287 1330 432 1396 desinant
455 1329 596 1395 facere“.
635 1350 746 1395 sensus
766 1329 819 1394 hic
841 1334 902 1395 est:
930 1331 1075 1415 ,sapiens
1091 1331 1237 1396 iniuriam

167 1461 235 1504 non
264 1439 415 1523 accipit“.
451 1458 528 1521 ergo
556 1431 636 1502 illud
664 1439 860 1523 „sapientem
884 1439 1045 1521 accepisse
1067 1439 1234 1504 iniuriam“

167 1546 363 1629 cogitatione
392 1544 562 1610 adsecutus
592 1550 640 1610 θεῖ
664 1546 802 1627 scriptor
826 1567 898 1610 cum
920 1547 991 1629 ipsa
1013 1546 1148 1611 veritate
1171 1567 1234 1610 non

168 1653 368 1717 conveniens.
416 1653 558 1717 eiusdem
580 1673 658 1717 vero
682 1657 830 1718 monetae
854 1658 929 1716 sunt
951 1653 1049 1717 haece
1074 1653 1235 1736 exempla:

167 1761 209 1825 de
232 1759 305 1824 ben.
329 1759 385 1824 HI
407 1765 436 1841 7,
455 1763 490 1823 3:
519 1764 594 1844 „aut
616 1760 649 1823 in
672 1759 726 1824 illo
752 1759 811 1844 (sc.
836 1759 913 1843 quid
935 1758 1137 1842 magnificum
1162 1760 1234 1846 est),

168 1868 223 1949 qui
239 1866 356 1949 reddit,
372 1889 438 1932 non
455 1867 529 1949 quia
546 1866 622 1950 vult,
639 1866 696 1931 sed
713 1868 787 1949 quia
803 1888 933 1932 neeesse
950 1867 1040 1932 est?“
1067 1868 1118 1936 IV
1131 1872 1182 1950 26,
1197 1873 1233 1931 2ε

170 1975 236 2058 „sio
265 1995 374 2038 omnes
402 1974 502 2039 malos
532 1974 780 2056 intemperantes
814 1974 957 2055 dicimus,
991 1996 1113 2056 avaron,
1144 1975 1234 2038 luxu·

166 2082 283 2164 riosoS,
308 2081 475 2163 malignos
507 2101 572 2144 non
596 2080 672 2163 quia
695 2081 801 2144 omnia
823 2081 886 2145 ista
909 2081 1038 2163 singulis
1062 2103 1178 2165 magna
1201 2088 1233 2146 et

166 2193 248 2252 nota
277 2187 354 2252 vitia
382 2192 466 2270 sunt,
494 2187 551 2251 sed
574 2187 649 2270 quia
673 2207 740 2251 esse
763 2189 930 2269 possunt“.
962 2188 1013 2256 IV
1038 2191 1088 2269 32,
1115 2192 1149 2252 2;
1183 2189 1235 2273 „in

165 2295 250 2359 illius
274 2299 456 2378 respectum
478 2294 539 2358 iste
562 2296 684 2378 populo
706 2294 900 2377 praesideat,
924 2316 988 2359 non
1012 2295 1087 2377 quia
1103 2295 1163 2359 scit
1178 2300 1235 2358 aut

165 2407 287 2485 potest,
311 2402 368 2466 sed
391 2401 465 2484 quia
487 2401 567 2465 alius
590 2422 650 2484 pro
674 2400 729 2465 illo
753 2402 902 2466 merum.
926 2401 977 2469 VI
1001 2404 1085 2484 4,1:
1114 2401 1235 2485 ,multa

166 2514 251 2591 sunt,
276 2513 407 2591 propter
430 2529 512 2591 quae
532 2506 721 2572 beneficium
738 2507 855 2573 debere
873 2507 1052 2589 desinimus,
1078 2530 1143 2573 non
1160 2509 1235 2591 quia

165 2616 323 2698 ablatum,
355 2615 411 2680 sed
439 2615 514 2698 quia
538 2620 724 2698 corruptum
748 2615 830 2680 est“.
861 2616 913 2684 VI
936 2620 967 2698 4,
991 2619 1028 2679 4:
1064 2616 1233 2699 „colonum

164 2744 258 2787 suurn
281 2745 347 2788 non
370 2728 459 2789 tenet
483 2725 624 2807 quamvis
641 2724 767 2789 tabellis
782 2725 994 2807 manentibus,
1019 2725 1073 2808 qui
1090 2730 1230 2807 segetem

164 2830 232 2894 eius
259 2830 466 2913 proculcavit,
501 2831 555 2913 qui
578 2831 715 2895 succidit
738 2831 879 2913 arbusta,
913 2852 978 2895 non
1003 2832 1078 2913 quia
1101 2831 1230 2913 recepit,

163 2935 254 3017 quod
268 2936 443 3019 pepigerat,
469 2936 526 3001 sed
542 2937 626 3019 quia,
649 2959 689 3001 ne
705 2938 873 3019 reciperet,
895 2936 1032 3001 effecit“.
1058 2937 1107 3005 VI
1127 2941 1176 3020 16,
1194 2941 1231 3000 4;

165 3043 266 3125 ,quid
289 3064 366 3126 ergo
390 3048 449 3126 est,
475 3065 573 3126 quare
596 3045 665 3108 istis
689 3044 823 3108 multum
848 3044 1042 3109 debeamus?
1071 3065 1133 3108 non
1158 3046 1232 3127 quia

161 3149 265 3232 pluris
278 3155 336 3233 est,
351 3151 436 3233 quod
449 3149 668 3232 vendiderunt,
682 3172 777 3232 quam
790 3150 932 3232 emimus,
946 3151 1003 3215 sed
1015 3151 1107 3233 quia“
1124 3173 1151 3215 θ.
1163 3173 1193 3233 q.
1205 3173 1229 3218 ε.

161 3257 215 3324 VI
239 3261 292 3340 25,
319 3261 352 3321 1:
387 3258 455 3343 „his
478 3258 612 3340 ingratis
637 3263 669 3323 et
696 3259 938 3340 repudiantibus
968 3258 1134 3334 beneficia,
1166 3280 1230 3322 non

163 3365 240 3448 quia
274 3366 404 3447 nolunt,
439 3364 496 3430 sed
530 3386 569 3429 ne
603 3365 751 3448 debeant,
787 3366 903 3430 similos
938 3366 1044 3431 sunt“.
1079 3387 1111 3428 n.
1137 3367 1231 3448 qul

160 3471 242 3554 prol.
271 3475 324 3536 16:
359 3472 490 3558 „quanti
513 3472 662 3536 aestimas
684 3473 748 3537 ista
771 3492 964 3554 cognoscere
993 3478 1026 3536 et
1048 3472 1143 3537 rebus
1167 3478 1229 3536 ter-

159 3578 264 3642 minos
295 3578 441 3661 ponere?
481 3582 636 3661 quantum
671 3578 748 3643 deus
783 3580 885 3662 possit
1002 3585 1034 3643 et
1064 3601 1084 3644 a
1110 3600 1226 3662 magno

159 3681 284 3748 artifice
307 3704 404 3762 prave
426 3684 528 3748 multa
549 3682 733 3765 formentur,
759 3706 825 3749 non
849 3685 923 3767 quia
947 3690 1052 3748 cessat
1075 3707 1138 3768 ars,
1169 3685 1226 3750 sed

160 3790 237 3873 quia
259 3789 304 3872 id,
334 3791 453 3874 inquo
478 3796 654 3872 exercetur,
687 3812 783 3874 saepe
810 3791 1023 3875 inobsequens
1046 3793 1108 3857 arti
1132 3793 1225 3857 est‘?“

158 3897 192 3962 V
218 3900 270 3979 17,
298 3899 330 3960 1:
357 3898 422 3981 „sie
446 3918 538 3961 casus
563 3919 618 3963 sex
642 3898 785 3978 dicimus,
809 3919 875 3962 non
899 3900 973 3982 quia
997 3920 1089 3964 omne
1112 3920 1228 3963 nornen

159 4025 215 4067 sex
238 4003 362 4086 recipit,
387 4004 443 4069 sed
467 4004 682 4087 quianullum
706 4006 814 4088 plures
838 4027 933 4087 quarn
957 4008 1044 4069 scx“.
1073 4005 1124 4073 VI
1144 4010 1173 4087 2,
1192 4012 1225 4069 9:

161 4111 208 4196 „si
232 4110 413 4176 cadendum
442 4117 500 4193 est,
532 4111 645 4175 cadam
674 4111 752 4176 orbe
783 4133 949 4193 concuss0,
983 4134 1047 4177 non
1079 4114 1153 4194 quia
1178 4111 1226 4177 fas
