2782 4776
592 425 811 484 „36-

171 597 332 680 generalia
366 601 537 682 praecepta
571 603 656 681 sunt,
691 599 770 663 haec
801 597 995 681 specialia?“
1044 598 1233 663 sententiam

169 709 261 786 patet
290 704 366 769 nihil
397 704 525 770 differre
553 706 593 771 ab
620 707 698 771 hac:
736 707 838 791 „inter
862 706 991 770 decreta
1013 705 1234 788 philosophiae

170 818 203 876 et
232 818 406 895 praecepta
437 813 500 877 hoc
530 819 655 878 tantum
685 814 819 879 interest
849 813 953 896 qu0d“
984 835 1011 877 e.
1029 834 1057 895 q.
1075 835 1099 876 s.
1124 814 1234 896 accipe

169 919 305 984 alterum
335 920 456 984 locum:
491 921 521 984 d.
546 919 603 985 ΙΠ
630 924 680 1002 11,
706 926 739 983 2ε
768 920 863 1005 „quid
888 919 1091 984 Cimbrorum
1116 919 1233 984 Teuto-

168 1048 347 1109 norumque
376 1031 427 1091 tot
458 1027 545 1090 milia
575 1026 742 1109 superfusa
773 1025 910 1110 Alpibus
944 1028 991 1090 ita
1023 1027 1163 1107 sustulit,
1199 1031 1234 1089 ut

168 1137 278 1197 tantae
309 1132 407 1197 cladis
437 1134 585 1198 notitiam
616 1133 658 1198 ad
688 1155 763 1198 suos
800 1155 865 1198 non
893 1134 1023 1197 nuntius
1058 1133 1116 1198 sed
1149 1132 1234 1196 fama

168 1240 345 1320 pertulerit,
376 1241 436 1304 nisi
467 1240 552 1322 quod
582 1246 652 1305 erat
685 1240 746 1304 illis
773 1241 821 1304 ira
848 1262 907 1323 pro
934 1240 1092 1305 1111111θῖα
1125 1262 1232 1305 sensus

169 1352 233 1410 est:
277 1346 499 1432 „llimbrorum
532 1347 818 1429 Teutonorumque
852 1353 902 1411 tot
937 1348 1023 1411 milia
1049 1401 1055 1414 .
1081 1397 1088 1410 .
1116 1400 1121 1412 .
1158 1348 1232 1411 nihil

169 1454 296 1518 sustulit
326 1455 386 1517 nisi
416 1455 477 1536 ira,
513 1476 595 1536 quae
625 1454 685 1518 illis
714 1461 784 1518 erat
810 1475 870 1536 pro
898 1455 1048 1519 virtute“.
1099 1455 1231 1518 eandem

168 1561 324 1625 rationem
358 1561 463 1624 valere
499 1562 638 1625 videmus
681 1561 720 1625 de
759 1561 831 1624 ben.
860 1561 910 1628 VI
941 1566 998 1643 27,
1033 1567 1067 1642 63
1106 1583 1156 1642 ep.
1191 1583 1231 1624 m.

171 1671 243 1748 115,
268 1673 305 1750 83
333 1688 364 1730 n.
389 1689 442 1750 qu.
466 1668 503 1730 H
527 1672 557 1748 9,
583 1671 618 1749 43
644 1668 694 1735 VI
717 1673 748 1750 8,
776 1673 804 1731 1.
851 1668 949 1732 semel
976 1673 1083 1732 autem
1116 1668 1174 1731 tali
1201 1669 1231 1731 in

167 1775 331 1838 enuntiato
364 1774 491 1856 ,1111011α
524 1774 682 1838 causalem
711 1795 788 1856 prae
817 1796 850 1838 se
876 1774 938 1838 fert
966 1779 1129 1856 naturam,
1169 1796 1231 1857 qua

168 1881 207 1946 de
230 1902 328 1946 causa
349 1881 456 1945 locum
480 1903 518 1944 ex
542 1887 721 1945 ceterorum
740 1903 872 1945 numero
890 1881 1089 1945 eximendum
1108 1882 1229 1945 censui:

166 2012 196 2052 n.
219 2011 271 2070 qu.
288 1989 324 2051 Π
344 1993 395 2069 59,
423 1992 462 2051 13
490 2009 601 2072 „nemo
624 2010 765 2070 unquam
788 1989 894 2051 timuit
916 1987 1034 2052 fulmen
1058 1989 1119 2051 nisi
1143 1986 1230 2070 quod

166 2095 307 2176 effugit“.

231 2203 294 2266 His
317 2203 470 2266 contrarii
492 2207 566 2266 sunt
589 2203 618 2266 ei
639 2203 712 2283 loci,
736 2203 768 2265 in
792 2201 906 2284 quibus
930 2203 1129 2266 enuntiatum
1145 2203 1229 2284 prin-

166 2310 267 2392 cipale
290 2311 352 2373 vim
374 2310 471 2375 habet
494 2310 728 2376 affirmativam:
755 2312 785 2376 d.
802 2312 854 2380 IV
870 2318 900 2393 8,
927 2316 962 2374 3:
989 2311 1150 2395 „ferarum
1170 2313 1230 2376 iste

165 2422 338 2481 conventus
355 2423 413 2499 est,
437 2418 496 2481 nisi
517 2420 604 2500 quod
619 2420 691 2483 illae
707 2420 790 2485 inter
806 2440 840 2483 se
856 2418 999 2501 placidae
1015 2424 1089 2482 sunt
1106 2441 1228 2484 morsu-

165 2547 226 2607 que
255 2526 401 2590 similium
428 2526 599 2608 abstinent‚
629 2528 662 2592 hi
681 2533 796 2592 mutua
818 2527 1014 2592 laceratione
1038 2528 1229 2591 satianturl.

165 2632 205 2696 de
236 2631 308 2697 beu.
339 2634 357 2696 I
391 2638 441 2715 10,
473 2638 507 2697 4:
543 2634 644 2718 „infra
676 2637 781 2699 omnia
810 2635 872 2699 ista
898 2636 1041 2717 ingratus
1074 2641 1133 2715 est,
1170 2635 1230 2698 nisi

164 2740 250 2822 quod
281 2742 387 2804 omnia
414 2741 476 2805 ista
508 2741 548 2805 ab
583 2742 708 2823 ingrato
737 2747 825 2823 sunt,
861 2743 928 2805 sine
958 2763 1021 2824 quo
1050 2743 1101 2805 vix
1131 2743 1230 2806 ullum

164 2869 312 2928 magnum
336 2845 458 2910 facinus
474 2848 648 2912 adcr·evit“.
688 2870 738 2930 ep.
755 2871 796 2912 m.
813 2852 867 2930 46,
893 2853 929 2930 3;
954 2852 1007 2931 47,
1033 2854 1067 2929 6;
1096 2853 1168 2930 103,
1195 2855 1229 2930 23

163 2952 219 3016 sed
249 2975 288 3016 ne
319 2954 351 3016 in
386 2953 435 3015 his
471 2954 598 3034 quidem
634 2955 751 3037 ellipsis
785 2978 857 3020 vere
892 2957 1087 3038 agnoscitur.
1133 2957 1230 3021 immo

163 3060 189 3122 si
213 3059 288 3142 quid
313 3060 404 3124 video
428 3060 490 3124 hoc
513 3062 621 3142 potius
645 3068 681 3126 ut
705 3067 827 3126 statuas
851 3084 929 3126 sana
952 3064 1036 3127 ratio
1067 3064 1227 3144 postulat:

163 3166 290 3230 dicendi
313 3166 450 3232 formula
474 3189 537 3248 qua
559 3169 696 3251 primum
719 3175 794 3250 post
817 3171 983 3233 enuntiata
998 3171 1146 3252 negativa
1162 3176 1227 3234 ute-

162 3273 280 3337 bantur
309 3276 355 3338 ita
385 3274 516 3339 invaluit
547 3280 579 3338 et
602 3277 692 3358 quasi
718 3276 869 3340 obduruit
893 3282 928 3340 ut
951 3277 1107 3358 paulatim
1131 3280 1228 3342 etiam

163 3386 236 3462 post
259 3381 402 3445 membra
425 3382 573 3463 negativa
597 3383 743 3465 usurpari
767 3390 885 3465 coepta
908 3385 957 3450 sit.

228 3487 383 3553 Formula
409 3494 562 3573 „excepto
579 3511 616 3553 eo
633 3489 738 3571 (111011ιι
756 3489 805 3554 bis
821 3491 996 3554 invenitur:
1022 3491 1052 3555 d.
1069 3492 1120 3559 Vl
1139 3496 1167 3571 1,
1192 3496 1225 3554 2:

163 3617 277 3678 „quem
300 3617 363 3659 non
386 3597 488 3658 minus
514 3617 607 3677 quam
623 3596 742 3660 liberos
759 3597 907 3678 dilexisti,
932 3603 1067 3680 excepto
1085 3619 1123 3662 eo
1141 3598 1226 3680 quod

161 3724 225 3766 nou
253 3703 385 3785 optabas
410 3703 646 3784 superstitem“.
686 3725 736 3785 ep.
760 3727 801 3766 m.
826 3709 880 3785 25,
905 3709 939 3767 2:
977 3726 1035 3788 „ne
1060 3704 1099 3768 de
1124 3708 1224 3770 altero

161 3809 287 3891 quidem
303 3809 380 3873 satis
395 3807 530 3874 fiduciae
542 3808 656 3890 habeo,
671 3816 804 3894 excepto
822 3833 860 3876 eo
874 3812 962 3893 quod
974 3812 1080 3875 adhuc
1092 3834 1225 3895 peccare

160 3917 337 3982 erubescit“
364 3938 391 3980 e.
415 3939 446 3999 q.
470 3938 496 3981 s.

247 4023 353 4087 Multo
383 4024 578 4107 frequentius
615 4026 739 4109 ,1111011α
770 4026 928 4107 particula
958 4025 1045 4107 apud
1069 4025 1223 4092 Senecam

159 4129 294 4193 infertur
327 4135 403 4212 post
436 4129 533 4195 verba
569 4129 708 4213 „addo“‚
747 4131 901 4214 „adicio“‚
940 4132 1116 4214 „accedit“,
1154 4154 1222 4196 cum
