2782 4776
236 1248 318 1348 Plus
340 1304 434 1366 qnam
459 1287 582 1364 septem
605 1282 707 1347 lustra
727 1287 800 1346 sunt
821 1284 1041 1364 praeterlapsa
1061 1289 1234 1367 postquam

167 1391 352 1454 Fridericns
386 1389 527 1455 Haasins
564 1389 689 1454 dicendi
727 1389 990 1455 consuetudinem
1023 1388 1234 1455 Annaeanam

167 1498 235 1563 lere
258 1497 436 1580 neglectam
459 1498 563 1562 iacere
587 1501 782 1580 conquestus
807 1501 865 1562 est.
889 1517 948 1561 nec
971 1495 1052 1562 adeo
1076 1497 1168 1562 multi
1190 1499 1234 1562 in·

166 1606 252 1669 venti
282 1609 356 1668 sunt
387 1605 443 1686 qui
477 1603 670 1687 „laudabilia
703 1603 749 1668 H.
783 1601 940 1686 Stephani
970 1603 1095 1669 studim
1133 1606 1233 1670 conti·

167 1717 303 1777 nnarent
319 1711 369 1775 vel
386 1712 548 1794 egregium
563 1711 650 1794 qnod
666 1711 734 1793 ipse
751 1711 884 1776 dederat
895 1710 1038 1776 Haasins
1055 1713 1234 1794 exemplum

168 1823 386 1902 sequerentur.
412 1817 499 1900 quod
518 1817 609 1882 facile
626 1823 760 1900 apparet
776 1817 948 1882 dolendum
965 1839 1032 1883 esse
1049 1840 1114 1884 non
1131 1819 1234 1884 solum

168 1932 301 2008 propter
320 1926 425 2007 ipsum
442 1921 607 2004 Senecam,
633 1925 697 1990 sive
720 1925 881 2006 ingenium
905 1925 971 1989 eius
994 1925 1138 1990 mirabile
1162 1948 1232 2008 per-

167 2054 300 2098 noscere
323 2031 408 2095 voles
432 2031 520 2113 quod
543 2032 669 2114 penitus
693 2031 834 2114 intellegi
857 2054 922 2096 non
945 2033 1065 2115 poterit
1087 2033 1146 2097 nisi
1168 2054 1232 2097 ser-

167 2140 268 2203 monis
292 2142 325 2202 et
349 2138 503 2203 orationis
525 2137 649 2221 legibus
681 2138 919 2220 diligentissime
948 2138 1133 2221 observatis,
1166 2140 1230 2205 sive

166 2248 286 2311 tutiora
302 2245 536 2328 circumspicies
553 2245 695 2309 subsidia
710 2245 750 2310 ad
768 2246 864 2309 crisin
875 2244 1086 2310 Annaeanam
1102 2268 1230 2328 promo-

162 2354 300 2419 vendam
336 2353 568 2435 verbornmque
603 2359 789 2418 contextum
824 2351 1066 2418 emendandum.
1100 2354 1229 2418 maioris

167 2461 250 2524 enim
276 2460 431 2523 momenti
455 2466 504 2523 est
528 2459 613 2542 qnod
636 2460 762 2543 linguae
785 2460 903 2524 latinae
925 2459 1103 2542 historiam,
1134 2482 1230 2542 quam

166 2570 295 2630 strenue
318 2564 501 2629 incohatam
524 2572 560 2629 ut
583 2567 683 2649 magis
707 2566 871 2649 magisque
895 2564 1105 2630 exaedificent
1133 2565 1229 2632 hodie

165 2673 338 2752 enituntur,
362 2670 470 2754 perfici
492 2693 584 2755 posse
602 2672 835 2754 desperandum
858 2678 915 2751 est,
941 2672 1043 2737 donec
1059 2677 1229 2755 argenteae

165 2800 260 2859 quam
290 2778 399 2842 dicunt
429 2778 596 2842 latinitatis
624 2777 840 2844 florentissimi
870 2780 1010 2843 auctoris
1035 2800 1140 2844 sermo
1164 2801 1229 2843 non

165 2885 210 2948 ita
234 2885 465 2968 pervestigatus
490 2885 561 2967 erit,
585 2892 622 2948 ut
645 2885 740 2950 etiam
758 2885 797 2950 de
814 2885 945 2968 singulis
961 2892 1084 2950 certum
1101 2886 1229 2950 admitti

164 2992 266 3072 possit
295 2992 455 3056 iudicium.
488 2993 576 3056 onius
604 2992 693 3056 modi
721 2993 824 3057 causis
853 2992 947 3058 facile
978 3015 1038 3075 ego
1070 2993 1228 3058 adductus

164 3120 243 3177 sum,
267 3105 304 3162 ut
326 3100 466 3183 syntaxis
487 3098 684 3163 Annaeanae
708 3099 838 3182 aliquod
861 3099 936 3163 mihi
960 3105 1058 3183 caput
1081 3099 1227 3183 eligerem

163 3206 342 3269 accuratius
355 3207 628 3288 pertractandum,
646 3228 718 3270 cnm
729 3208 918 3289 praesertim
931 3213 1123 3289 praeceptor
1138 3229 1226 3272 meus

164 3310 368 3393 O.Hensins,
394 3313 448 3394 qni
465 3313 597 3378 consilio
619 3335 676 3377 suo
702 3314 835 3397 benigne
858 3335 908 3378 me
932 3314 1062 3396 adiuvit,
1087 3336 1226 3380 commo·

162 3441 237 3483 nere
261 3440 311 3482 me
334 3441 396 3483 non
422 3419 589 3498 desineret,
614 3428 651 3484 ut
673 3421 705 3484 in
723 3419 864 3486 Senecae
880 3420 1062 3503 philosophi
1080 3442 1226 3486 sermone

163 3525 362 3590 observando
387 3526 528 3590 studium
550 3547 655 3591 meum
679 3526 879 3592 collocarem.

227 3632 279 3697 Ne
303 3653 377 3697 vero
403 3633 484 3696 vires
507 3653 605 3714 meas,
635 3655 714 3716 quas
745 3634 849 3698 sentio
874 3654 970 3716 quam
993 3634 1057 3698 sint
1081 3636 1223 3717 exiguae,

160 3738 322 3820 inceptum
346 3739 538 3822 egrediatur,
575 3760 613 3804 eo
644 3761 695 3804 me
726 3740 821 3805 hodie
852 3741 998 3805 contineo
1026 3747 1062 3804 ut
1087 3741 1125 3805 de
1149 3762 1224 3806 con-

160 3845 358 3909 iunctionum
382 3845 503 3928 aliquot
527 3846 700 3911 causalium
718 3846 860 3932 („qnod“
888 3847 1002 3930 „quia“
1032 3848 1221 3930 „quoniam“

163 3952 334 4034 ,quoniam
363 3952 508 4035 quidem“
548 3953 714 4035 „quando“
756 3951 904 4036 ,quando
941 3952 1104 4039 quidem“)
1139 3955 1225 4036 apud

161 4056 316 4122 Senecam
339 4058 564 4140 philosophum
587 4080 647 4123 usu
662 4060 843 4124 accuratius
861 4060 1023 4124 disseram.
1049 4061 1137 4143 quod
1152 4081 1223 4125 con·
1299 4085 1301 4088 ·
