2782 4776
586 424 806 482 ..25-

161 597 258 661 vicies
270 597 391 661 novies:
420 617 504 680 „non
520 595 613 679 qnia“
628 617 700 660 cum
716 595 780 660 ind.
808 634 848 643 -
867 596 943 678 „sed
956 595 1050 679 quia“

280 704 391 767 semel:
418 723 502 785 „non
519 702 613 784 quial
629 723 698 765 cum
715 702 779 766 ind.
805 742 846 748 -
867 702 942 786 „sed
960 702 1034 784 quia
1048 751 1054 765 .
1069 750 1076 764 .
1092 751 1098 764 .
1117 707 1149 766 et
1170 704 1225 765 ut“

327 814 391 873 ter:
419 829 503 892 „non
520 809 614 892 quia“
630 831 701 873 cum
713 809 778 873 ind.
803 847 843 855 -
865 808 1227 893 „sed“sequenteenu11-

862 917 943 980 tiato
959 938 1017 998 per
1030 937 1063 980 se
1076 916 1182 998 posito

282 1023 392 1088 semel:
421 1043 505 1108 „non
521 1023 614 1106 quial
631 1045 702 1088 cnm
714 1022 779 1087 iud.
804 1061 846 1069 —·
865 1023 943 1105 „sed
954 1023 1013 1088 ne“

281 1131 391 1196 semel:
419 1151 504 1213 „non
520 1131 613 1214 quia“
630 1129 778 1195 cumind.
805 1169 844 1176 —
865 1129 941 1213 „sed
953 1131 1004 1193 in“
1018 1150 1227 1194 cumacousa·

861 1237 927 1301 tivo

324 1348 387 1409 ter:
416 1365 499 1429 „non
516 1343 608 1426 quia“
624 1365 696 1408 cum
708 1344 789 1409 coni.
808 1383 848 1390 ——
869 1343 945 1428 „sed
957 1344 1050 1426 quia“

280 1451 390 1516 semel:
419 1471 503 1535 „non
519 1451 610 1532 quia“
627 1472 698 1514 cum
711 1451 793 1515 coni.
811 1489 853 1497 -—
872 1451 949 1533 „sed
961 1451 1131 1533 quonia1n“

280 1559 390 1624 semel:
418 1579 503 1643 „non
519 1558 612 1641 quia“
628 1580 699 1623 cum
712 1559 793 1623 coni.
812 1598 852 1604 —
873 1558 948 1643 „sed
961 1559 1015 1622 ut“

280 1665 390 1730 semel:
418 1687 503 1749 „non
518 1667 573 1729 ut“
808 1704 851 1712 —
870 1665 945 1749 „sed
958 1665 1065 1749 quia“.

228 1791 269 1855 In
280 1790 383 1855 modis
398 1791 452 1872 qui
464 1795 641 1873 sequuntur
657 1791 770 1875 „quia“
783 1790 1039 1855 coniunctionem
1050 1790 1228 1854 tractandis

160 1920 228 1963 rem
252 1897 362 1981 paucis
385 1918 515 1981 possum
539 1897 714 1962 absolvere.
760 1898 792 1961 in
816 1897 996 1961 universum
1020 1896 1147 1979 quidem
1172 1896 1227 1962 Se-

160 2026 241 2069 neca
270 2025 343 2068 curn
370 2004 505 2068 aliorum
534 2004 726 2085 scriptorum
750 2003 876 2068 dicendi
900 2003 1130 2068 consuetudine
1155 2025 1227 2068 con-

161 2111 257 2192 gruit.
311 2110 404 2192 longe
437 2109 580 2192 plurimis
610 2110 690 2174 locis
722 2109 926 2174 indicativum
958 2109 1116 2188 adiunxit,
1156 2132 1228 2175 con-

160 2217 293 2280 iunctivi
320 2217 407 2280 modi
430 2216 584 2298 exempla,
617 2217 672 2281 ubi
695 2221 771 2299 post
797 2217 910 2300 „quial
938 2217 1104 2296 exsistunt,
1135 2222 1172 2280 ut
1195 2217 1227 2281 d.

160 2325 213 2390 IV
238 2328 290 2406 31,
317 2327 333 2387 1
360 2323 505 2409 („iniqua
533 2325 689 2407 quaedam
717 2325 860 2389 iudicant
882 2324 1038 2406 homines,
1063 2325 1138 2406 quia
1160 2325 1228 2406 pati

160 2454 227 2497 non
251 2431 430 2511 debuerint,
456 2430 621 2513 quaedam,
647 2432 721 2514 quia
741 2452 806 2495 non
822 2431 1054 2517 slieraverint“)
1073 2432 1228 2496 orationis

162 2537 310 2621 obliquae
345 2539 468 2603 ratione
501 2536 592 2602 facile
622 2538 830 2620 explicantur.
882 2537 921 2602 de
952 2537 1122 2602 modorum
1153 2544 1228 2621 post

162 2667 249 2729 „non
273 2645 367 2728 quial
393 2666 452 2709 usu
475 2644 571 2709 modo
595 2644 835 2727 disputavimus.

660 2861 732 2940 §a

625 2998 764 3082 Quod

227 3160 269 3223 In
302 3159 526 3223 coniunctione
563 3159 687 3244 „quod‘
723 3159 843 3245 (accus.
872 3160 1069 3241 pronominis
1104 3159 1227 3224 relativi

160 3266 360 3349 intellegunt,
385 3265 425 3329 cf.
443 3264 654 3331 Schinalzium
677 3267 697 3330 l.
716 3288 743 3330 o.
769 3265 885 3352 §248)
911 3266 991 3330 duae
1016 3272 1090 3330 sunt
1114 3288 1225 3332 conso·

161 3375 264 3438 ciatae
294 3373 548 3457 significationes,
583 3374 773 3456 explicativa
802 3379 834 3438 et
864 3373 1010 3456 causalia,
1040 3375 1087 3439 ita
1109 3379 1225 3457 tamen,

161 3488 197 3545 ut
234 3480 325 3545 facile
360 3480 461 3545 altera
494 3481 527 3544 in
562 3481 695 3545 alteram
729 3486 882 3545 transeat.
940 3503 1035 3564 quam
1068 3481 1227 3546 rationem

160 3587 248 3652 nullo
274 3586 368 3651 datur
390 3587 521 3668 negotio
545 3586 722 3668 observare,
747 3586 802 3651 ubi
826 3588 1023 3652 enuntiatum
1041 3609 1079 3651 ex
1096 3587 1222 3670 „quod‘

160 3693 319 3779 particula
334 3692 485 3776 pendens,
510 3698 546 3756 ut
565 3693 597 3757 in
614 3693 716 3758 verbis
732 3692 913 3774 affectuum,
939 3691 1074 3757 causalis
1098 3693 1227 3758 ablativi

160 3801 266 3865 locum
289 3804 389 3880 tenet,
414 3799 502 3863 ouius
526 3798 614 3863 modi
634 3799 666 3862 in
683 3799 835 3881 exemplis
850 3803 962 3863 noster
978 3820 1105 3882 quoque
1121 3821 1226 3865 sermo

160 3907 347 3989 plerumque
374 3911 544 3988 utramque
568 3905 709 3970 admittit
732 3905 1029 3988 interpretationem
1055 3906 1167 3988 „dass“
1195 3913 1226 3971 et

163 4012 283 4096 „weil“.
331 4033 523 4095 quamquam
552 4013 649 4096 igitur
678 4011 855 4095 particulae
882 4012 1006 4095 „quod“
1035 4011 1225 4094 significatio

160 4139 194 4183 re
211 4139 286 4183 vera
301 4124 409 4183 manet
425 4140 489 4183 una
504 4117 690 4201 eademque,
707 4123 814 4183 tamen
829 4118 870 4182 ad
887 4118 1118 4182 coniunctionis
1134 4140 1226 4183 usum
