2782 4776
690 443 907 504 ..56-

269 616 405 683 hilarum
433 618 507 687 ,loco
536 618 642 701 habet,
677 619 803 702 quando
833 619 879 684 ita
905 619 1024 685 adfecti
1047 641 1165 701 sumus,
1199 625 1235 684 ut
1259 621 1337 685 nihil

269 747 370 807 aeque
400 747 546 808 magnam
580 727 663 808 apud
697 747 755 790 nos
783 726 1024 791 admirationem
1057 733 1203 809 occupet,
1240 750 1337 809 quarn

269 826 365 896 homo
389 833 516 896 fortiter
539 833 665 896 miser“.
695 856 725 896 n.
751 855 802 914 qu.
827 834 880 897 Ill
905 838 957 915 29,
985 838 1017 896 l:
1046 835 1128 918 „illic
1152 835 1335 913 solstitium,

269 938 456 1002 hicbruma
479 939 658 1004 conficitur:
683 961 815 1022 magnae
838 942 1001 1023 potentiae
1025 943 1125 1024 signa,
1150 942 1280 1024 quando
1304 942 1338 1004 in

269 1049 339 1129 ipsa
361 1049 536 1112 mutatione
560 1049 634 1112 anni
657 1053 820 1111 momenta
844 1052 949 1114 sunt“.

292 1206 294 1210 »
339 1154 644 1238 ,Quandoquideffl
663 1177 726 1218 nou
744 1155 801 1218 nisi
819 1157 915 1221 semel
928 1157 1060 1237 legimus
1073 1158 1198 1236 apocal.
1212 1179 1245 1239 p.
1260 1161 1335 1238 233,

271 1267 311 1324 27
320 1285 326 1324 z
348 1263 495 1345 „eruendo
512 1263 640 1344 quidem
657 1262 746 1326 divus
763 1262 915 1327 Claudius
940 1263 1057 1326 occidit
1081 1284 1226 1327 socerum
1244 1286 1336 1327 suum

269 1368 413 1452 Appium
430 1368 589 1455 Silanum,
606 1391 741 1453 generos
766 1369 845 1432 duos
868 1368 1023 1450 Magnum
1040 1370 1228 1452 Pompeium
1247 1377 1280 1434 et
1296 1369 1335 1432 L.

270 1476 435 1541 Silanum.
455 1528 460 1538 .
479 1529 485 1542 .
504 1478 609 1559 placet
625 1478 701 1541 mihi
717 1479 747 1540 in
766 1499 835 1541 eurn
853 1477 1205 1542 0011010011111101110111α
1224 1499 1251 1541 0.
1265 1500 1297 1558 q.
1311 1499 1335 1541 s.

337 1585 376 1647 lu
409 1584 523 1664 modis,
558 1585 611 1665 qui
643 1583 810 1668 „quand0“
845 1584 1101 1647 coniunctionem
1133 1584 1335 1664 comitantur,

270 1691 345 1754 nihil
368 1691 444 1754 mihi
468 1691 617 1770 occurrit,
642 1690 729 1773 quod
753 1690 885 1754 recedat
909 1689 948 1753 ab
973 1711 1033 1753 usu
1056 1691 1192 1772 vulgari,
1216 1690 1336 1754 iudica-

269 1798 352 1861 tivus
373 1799 502 1879 ponitur
517 1797 594 1860 locis
613 1797 758 1860 omnibus
776 1797 843 1860 sine
859 1796 922 1860 ulla
938 1797 1092 1860 librorum
1110 1796 1335 1878 discrepantia.

337 1904 483 1986 Denique
507 1927 571 1968 non
595 1904 705 1967 inutile
731 1905 790 1967 erit
815 1904 1044 1986 aliquantisper
1067 1905 1185 1966 morari
1208 1904 1240 1966 in
1262 1903 1336 1967 loco

271 2012 311 2075 de
334 2011 405 2074 ben.
422 2010 478 2073 ll'l
503 2017 555 2091 26,
574 2016 603 2090 2,
628 2032 691 2093 quo
708 2010 879 2073 Fickertus
904 2014 935 2073 et
959 2009 1100 2072 Haasius
1124 2010 1336 2092 scripserunt:

273 2116 379 2201 „quod
396 2117 514 2180 facturn
532 2117 624 2180 simul
640 2126 673 2180 et
689 2117 784 2180 Maro
810 2139 848 2180 ex
871 2118 955 2180 notis
972 2116 1054 2179 illius
1072 2117 1225 2198 temporis
1242 2118 1335 2181 vesti-

271 2223 436 2305 gatoribus
452 2224 585 2304 notavit,
610 2230 642 2288 et
658 2245 767 2287 servus
787 2224 862 2302 eiua,
889 2223 1015 2303 quando
1039 2222 1248 2287 nectebantur
1264 2225 1337 2287 insi·

270 2331 352 2411 diae,
378 2331 406 2394 ei
430 2330 518 2395 ebrio
543 2331 669 2395 anulum
696 2331 864 2395 ext1·a.xit“.
897 2329 998 2393 codex
1014 2329 1045 2392 N
1071 2329 1199 2394 exhibet
1218 2332 1336 2413 „quo“.

270 2443 452 2501 removetur
467 2437 616 2502 mendum
633 2439 658 2499 si
672 2436 814 2500 Grutero
832 2443 964 2500 auctore
981 2458 1052 2499 curn
1069 2436 1203 2500 Gertzio
1220 2436 1338 2518 legitur

273 2546 400 2630 „quoi“,
426 2566 521 2625 quam
545 2543 679 2607 sormam
704 2565 799 2624 saepe
823 2548 1010 2624 usurpatam
1035 2564 1104 2606 esse
1121 2564 1140 2606 a
1157 2540 1282 2606 Seneca
1299 2565 1338 2607 ex

270 2652 376 2717 multis
399 2652 478 2715 locis
502 2656 646 2733 apparet,
681 2673 761 2732 quos
795 2651 922 2731 collegit
953 2648 1103 2713 Gertzius
1136 2649 1338 2731 dialogorum

270 2760 474 2843 praefationis
497 2782 528 2842 p.
546 2759 647 2821 XXI.
687 2759 768 2822 hauc
792 2759 983 2838 scripturam
1002 2757 1115 2839 „quoi“
1143 2757 1339 2838 comprobat

270 2869 365 2930 etiam
391 2866 569 2947 Madvigius
593 2866 664 2928 adv.
689 2866 759 2928 crit.
785 2865 820 2928 Π
842 2888 872 2946 p.
895 2867 971 2945 412,
1001 2864 1055 2926 ubi
1079 2864 1169 2927 dicit:
1207 2865 1337 2946 „certis-

270 2975 367 3037 simae
381 2971 752 3036 emendationiGruteri.
765 2972 944 3051 ..imperite
958 2971 1142 3052 obloquitur
1152 2970 1336 3050 Fickertus,

270 3102 389 3161 negans
413 3101 446 3142 se
471 3080 568 3160 quoi
598 3080 629 3141 in
654 3077 795 3142 Senecae
820 3078 984 3142 codicibus
1008 3078 1198 3160 repperisse.
1245 3078 1338 3158 Ideo,

271 3186 367 3267 quod,
401 3207 463 3268 quo
487 3191 632 3268 tempore
657 3187 758 3248 nostri
783 3185 910 3248 codices
940 3185 1050 3266 scripti
1083 3189 1167 3263 sunt,
1200 3185 1338 3249 desitum

272 3299 341 3356 erat
364 3295 410 3357 sic
434 3293 539 3373 scribi,
564 3298 689 3357 tantum
712 3294 847 3373 vestigia
869 3297 1040 3374 supersunt
1064 3292 1095 3354 iu
1116 3291 1240 3355 mendis
1264 3293 1338 3356 iude

271 3402 360 3482 ortis,
378 3423 459 3482 quae
475 3423 539 3464 non
555 3423 658 3483 pauca
673 3401 875 3483 repperisset,
892 3401 919 3463 si
935 3400 1142 3463 intellexisset
1157 3399 1234 3467 Vid,
1244 3401 1307 3464 vol.
1321 3401 1338 3463 I

270 3532 301 3591 p.
320 3513 378 3588 (383
404 3509 442 3571 de
467 3509 779 3590 11’011011.00.8,8.α
820 3507 922 3589 perite
946 3507 1126 3587 nuperrime
1151 3506 1190 3569 de
1215 3506 1337 3570 formae

273 3617 388 3698 ,queit
407 3615 492 3697 apud
506 3614 674 3679 Annaeum
692 3637 751 3677 usu
769 3613 941 3695 disputavit
958 3615 1054 3676 etiam
1066 3611 1106 3676 Ο,
1120 3613 1338 3678 Rossbachius

271 3723 547 3787 conunentationis
562 3744 655 3804 quam
669 3722 794 3803 scripsit
813 3720 872 3803 „dc
889 3719 1029 3784 Senecae
1042 3720 1224 3802 philosophi
1240 3720 1337 3785 libro·

270 3853 340 3893 rum
356 3829 578 3893 emendatione
595 3839 628 3892 et
644 3828 846 3892 1000001000α
865 3850 896 3910 p.
918 3832 979 3890 ne
998 3849 1024 3890 0.
1041 3828 1103 3908 VI,
1128 3827 1182 3890 ubi
1199 3834 1232 3892 et
1249 3834 1337 3892 certa

271 3937 423 4018 exempla,
448 3936 561 4017 quibus
586 3937 700 4019 ,01101ιζ
727 3936 885 4016 scriptura
905 3934 1123 4015 confirmatur,
1149 3940 1180 3999 et
1204 3935 1337 4017 vestigia

271 4044 336 4107 eius
359 4043 455 4124 paulo
482 4042 666 4106 obscuriora
689 4041 786 4106 habes
811 4042 955 4106 collecta.
