<?xml version="1.0" encoding="UTF-8"?>
<!DOCTYPE html PUBLIC "-//W3C//DTD XHTML 1.0 Transitional//EN"
    "http://www.w3.org/TR/xhtml1/DTD/xhtml1-transitional.dtd">
<html xmlns="http://www.w3.org/1999/xhtml" xml:lang="en" lang="en">
 <head>
  <title>
</title>
<meta http-equiv="Content-Type" content="text/html;charset=utf-8" />
  <meta name='ocr-system' content='tesseract 3.04.00' />
  <meta name='ocr-capabilities' content='ocr_page ocr_carea ocr_par ocr_line ocrx_word'/>
</head>
<body>
  <div class='ocr_page' id='page_1' title='image "./observationesan01rieggoog_0012.png"; bbox 0 0 2782 4776; ppageno 0'>
   <div class='ocr_carea' id='block_1_1' title="bbox 595 395 794 454">
    <p class='ocr_par' dir='ltr' id='par_1_1' title="bbox 595 395 794 454">
     <span class='ocr_line' id='line_1_1' title="bbox 595 395 794 454; baseline -0.01 -15"><span class='ocrx_word' id='word_1_1' title='bbox 595 395 794 454; x_wconf 82' lang='grc'>..9-</span> 
     </span>
    </p>
   </div>
   <div class='ocr_carea' id='block_1_2' title="bbox 107 565 1226 4174">
    <p class='ocr_par' dir='ltr' id='par_1_2' title="bbox 160 565 1226 1294">
     <span class='ocr_line' id='line_1_2' title="bbox 229 565 1226 653; baseline -0.004 -20"><span class='ocrx_word' id='word_1_2' title='bbox 229 568 338 653; x_wconf 84' lang='lat' dir='ltr'>Atque</span> <span class='ocrx_word' id='word_1_3' title='bbox 367 576 403 634; x_wconf 90' lang='lat' dir='ltr'>ut</span> <span class='ocrx_word' id='word_1_4' title='bbox 432 569 569 651; x_wconf 91' lang='lat' dir='ltr'>primum</span> <span class='ocrx_word' id='word_1_5' title='bbox 597 567 722 632; x_wconf 81' lang='lat' dir='ltr'>eluceat</span> <span class='ocrx_word' id='word_1_6' title='bbox 747 567 860 650; x_wconf 82' lang='lat' dir='ltr'>,quia“</span> <span class='ocrx_word' id='word_1_7' title='bbox 886 565 1044 648; x_wconf 91' lang='lat' dir='ltr'>particula</span> <span class='ocrx_word' id='word_1_8' title='bbox 1066 565 1226 630; x_wconf 80' lang='lat' dir='ltr'><strong>introduci</strong></span> 
     </span>
     <span class='ocr_line' id='line_1_3' title="bbox 161 673 1224 762; baseline -0.004 -21"><span class='ocrx_word' id='word_1_9' title='bbox 161 700 291 743; x_wconf 89' lang='lat' dir='ltr'>causam</span> <span class='ocrx_word' id='word_1_10' title='bbox 316 677 486 762; x_wconf 81' lang='lat' dir='ltr'>,realem“,</span> <span class='ocrx_word' id='word_1_11' title='bbox 513 675 610 740; x_wconf 93' lang='lat' dir='ltr'>hosce</span> <span class='ocrx_word' id='word_1_12' title='bbox 639 697 656 739; x_wconf 92' lang='lat' dir='ltr'>e</span> <span class='ocrx_word' id='word_1_13' title='bbox 683 674 773 756; x_wconf 84' lang='lat' dir='ltr'>larga</span> <span class='ocrx_word' id='word_1_14' title='bbox 796 673 1013 757; x_wconf 87' lang='lat' dir='ltr'>exemplorum</span> <span class='ocrx_word' id='word_1_15' title='bbox 1036 673 1131 755; x_wconf 89' lang='lat' dir='ltr'>copia</span> <span class='ocrx_word' id='word_1_16' title='bbox 1152 673 1224 754; x_wconf 91' lang='lat' dir='ltr'>pro-</span> 
     </span>
     <span class='ocr_line' id='line_1_4' title="bbox 160 778 1225 867; baseline -0.007 -18"><span class='ocrx_word' id='word_1_17' title='bbox 160 806 246 867; x_wconf 85' lang='lat' dir='ltr'>pono</span> <span class='ocrx_word' id='word_1_18' title='bbox 269 785 376 848; x_wconf 90' lang='lat' dir='ltr'>locos:</span> <span class='ocrx_word' id='word_1_19' title='bbox 408 782 438 846; x_wconf 94' lang='lat' dir='ltr'>d.</span> <span class='ocrx_word' id='word_1_20' title='bbox 462 783 481 846; x_wconf 92' lang='lat' dir='ltr'>I</span> <span class='ocrx_word' id='word_1_21' title='bbox 504 785 535 863; x_wconf 89' lang='lat'>4,</span> <span class='ocrx_word' id='word_1_22' title='bbox 561 789 597 845; x_wconf 83' lang='lat'>8:</span> <span class='ocrx_word' id='word_1_23' title='bbox 632 778 760 865; x_wconf 75' lang='lat' dir='ltr'>,Quare</span> <span class='ocrx_word' id='word_1_24' title='bbox 788 779 867 845; x_wconf 91' lang='lat' dir='ltr'>deus</span> <span class='ocrx_word' id='word_1_25' title='bbox 890 780 1044 862; x_wconf 90' lang='lat' dir='ltr'>optimum</span> <span class='ocrx_word' id='word_1_26' title='bbox 1068 800 1225 862; x_wconf 81' lang='lat' dir='ltr'>quemque</span> 
     </span>
     <span class='ocr_line' id='line_1_5' title="bbox 161 885 1225 955; baseline -0.006 0"><span class='ocrx_word' id='word_1_27' title='bbox 161 900 217 955; x_wconf 86' lang='lat' dir='ltr'>aut</span> <span class='ocrx_word' id='word_1_28' title='bbox 244 892 328 955; x_wconf 90' lang='lat' dir='ltr'>mala</span> <span class='ocrx_word' id='word_1_29' title='bbox 351 889 531 954; x_wconf 90' lang='lat' dir='ltr'>valetudine</span> <span class='ocrx_word' id='word_1_30' title='bbox 560 893 616 953; x_wconf 90' lang='lat' dir='ltr'>aut</span> <span class='ocrx_word' id='word_1_31' title='bbox 645 887 734 951; x_wconf 90' lang='lat' dir='ltr'>luctu</span> <span class='ocrx_word' id='word_1_32' title='bbox 764 894 820 950; x_wconf 88' lang='lat' dir='ltr'>aut</span> <span class='ocrx_word' id='word_1_33' title='bbox 844 886 913 950; x_wconf 92' lang='lat' dir='ltr'>aliis</span> <span class='ocrx_word' id='word_1_34' title='bbox 936 885 1147 951; x_wconf 91' lang='lat' dir='ltr'>incommodis</span> <span class='ocrx_word' id='word_1_35' title='bbox 1170 885 1225 949; x_wconf 88' lang='lat' dir='ltr'>ad-</span> 
     </span>
     <span class='ocr_line' id='line_1_6' title="bbox 160 993 1225 1081; baseline -0.005 -19"><span class='ocrx_word' id='word_1_36' title='bbox 160 998 254 1062; x_wconf 83' lang='lat' dir='ltr'>ficit?</span> <span class='ocrx_word' id='word_1_37' title='bbox 279 999 353 1081; x_wconf 90' lang='lat' dir='ltr'>quia</span> <span class='ocrx_word' id='word_1_38' title='bbox 376 998 408 1061; x_wconf 90' lang='lat' dir='ltr'>in</span> <span class='ocrx_word' id='word_1_39' title='bbox 433 997 546 1061; x_wconf 89' lang='lat' dir='ltr'>castris</span> <span class='ocrx_word' id='word_1_40' title='bbox 571 1016 696 1078; x_wconf 90' lang='lat' dir='ltr'>quoque</span> <span class='ocrx_word' id='word_1_41' title='bbox 720 994 901 1076; x_wconf 86' lang='lat' dir='ltr'>periculosa</span> <span class='ocrx_word' id='word_1_42' title='bbox 923 993 1104 1059; x_wconf 79' lang='lat' dir='ltr'><strong>fortissimis</strong></span> <span class='ocrx_word' id='word_1_43' title='bbox 1126 994 1225 1076; x_wconf 92' lang='lat' dir='ltr'>impe·</span> 
     </span>
     <span class='ocr_line' id='line_1_7' title="bbox 160 1099 1225 1186; baseline -0.004 -19"><span class='ocrx_word' id='word_1_44' title='bbox 160 1105 292 1169; x_wconf 83' lang='lat' dir='ltr'>rantur“</span> <span class='ocrx_word' id='word_1_45' title='bbox 319 1127 347 1169; x_wconf 93' lang='grc'><strong>6.</strong></span> <span class='ocrx_word' id='word_1_46' title='bbox 365 1126 394 1186; x_wconf 89' lang='lat' dir='ltr'>q.</span> <span class='ocrx_word' id='word_1_47' title='bbox 413 1125 437 1167; x_wconf 90' lang='lat' dir='ltr'>s.</span> <span class='ocrx_word' id='word_1_48' title='bbox 478 1102 507 1167; x_wconf 87' lang='lat' dir='ltr'>d.</span> <span class='ocrx_word' id='word_1_49' title='bbox 532 1102 588 1166; x_wconf 90' lang='grc' dir='ltr'>ΙΙΙ</span> <span class='ocrx_word' id='word_1_50' title='bbox 614 1106 664 1183; x_wconf 85' lang='grc'>18,</span> <span class='ocrx_word' id='word_1_51' title='bbox 690 1105 725 1164; x_wconf 88' lang='lat'>5:</span> <span class='ocrx_word' id='word_1_52' title='bbox 759 1101 854 1184; x_wconf 82' lang='lat' dir='ltr'>„quia</span> <span class='ocrx_word' id='word_1_53' title='bbox 883 1121 963 1165; x_wconf 91' lang='lat' dir='ltr'>unus</span> <span class='ocrx_word' id='word_1_54' title='bbox 990 1101 1142 1166; x_wconf 81' lang='lat' dir='ltr'><strong>innocens</strong></span> <span class='ocrx_word' id='word_1_55' title='bbox 1171 1099 1225 1164; x_wconf 80' lang='lat' dir='ltr'>ad.</span> 
     </span>
     <span class='ocr_line' id='line_1_8' title="bbox 162 1205 1225 1294; baseline -0.006 -18"><span class='ocrx_word' id='word_1_56' title='bbox 162 1217 325 1294; x_wconf 87' lang='lat' dir='ltr'>paruerat,</span> <span class='ocrx_word' id='word_1_57' title='bbox 350 1211 412 1274; x_wconf 91' lang='lat' dir='ltr'>duo</span> <span class='ocrx_word' id='word_1_58' title='bbox 438 1208 619 1291; x_wconf 77' lang='lat' dir='ltr'>peribant“.</span> <span class='ocrx_word' id='word_1_59' title='bbox 644 1207 664 1271; x_wconf 94' lang='lat' dir='ltr'>d</span> <span class='ocrx_word' id='word_1_60' title='bbox 691 1207 743 1274; x_wconf 89' lang='lat' dir='ltr'>IV</span> <span class='ocrx_word' id='word_1_61' title='bbox 761 1212 812 1289; x_wconf 90' lang='lat'>10,</span> <span class='ocrx_word' id='word_1_62' title='bbox 830 1212 867 1271; x_wconf 83' lang='lat'>6:</span> <span class='ocrx_word' id='word_1_63' title='bbox 900 1208 980 1291; x_wconf 81' lang='lat' dir='ltr'>,scit</span> <span class='ocrx_word' id='word_1_64' title='bbox 1004 1206 1060 1292; x_wconf 89' lang='lat' dir='ltr'>(sc.</span> <span class='ocrx_word' id='word_1_65' title='bbox 1085 1205 1225 1293; x_wconf 86' lang='lat' dir='ltr'>sapiens)</span> 
     </span>
    </p>

    <p class='ocr_par' dir='ltr' id='par_1_3' title="bbox 107 1313 1226 2573">
     <span class='ocr_line' id='line_1_9' title="bbox 107 1313 1226 1400; baseline -0.005 -17"><span class='ocrx_word' id='word_1_66' title='bbox 107 1334 109 1337; x_wconf 78' lang='grc'>’</span> <span class='ocrx_word' id='word_1_67' title='bbox 163 1318 371 1400; x_wconf 87' lang='lat' dir='ltr'>paucissimos</span> <span class='ocrx_word' id='word_1_68' title='bbox 388 1317 473 1382; x_wconf 91' lang='lat' dir='ltr'>omni</span> <span class='ocrx_word' id='word_1_69' title='bbox 489 1337 567 1381; x_wconf 91' lang='lat' dir='ltr'>aevo</span> <span class='ocrx_word' id='word_1_70' title='bbox 585 1315 738 1397; x_wconf 87' lang='lat' dir='ltr'>sapientis</span> <span class='ocrx_word' id='word_1_71' title='bbox 756 1314 898 1394; x_wconf 89' lang='lat' dir='ltr'>evadere,</span> <span class='ocrx_word' id='word_1_72' title='bbox 916 1314 990 1396; x_wconf 88' lang='lat' dir='ltr'>quia</span> <span class='ocrx_word' id='word_1_73' title='bbox 1007 1313 1226 1379; x_wconf 92' lang='lat' dir='ltr'>condicionem</span> 
     </span>
     <span class='ocr_line' id='line_1_10' title="bbox 160 1415 1225 1506; baseline -0.003 -18"><span class='ocrx_word' id='word_1_74' title='bbox 160 1425 317 1489; x_wconf 88' lang='lat' dir='ltr'>humanae</span> <span class='ocrx_word' id='word_1_75' title='bbox 334 1425 417 1488; x_wconf 90' lang='lat' dir='ltr'>vitae</span> <span class='ocrx_word' id='word_1_76' title='bbox 433 1415 782 1506; x_wconf 81' lang='lat' dir='ltr'>perspectam&#39;habet“.</span> <span class='ocrx_word' id='word_1_77' title='bbox 807 1420 1022 1501; x_wconf 79' lang='lat' dir='ltr'>declem.12,</span> <span class='ocrx_word' id='word_1_78' title='bbox 1040 1425 1071 1485; x_wconf 93' lang='grc'>11</span> <span class='ocrx_word' id='word_1_79' title='bbox 1090 1420 1225 1504; x_wconf 86' lang='lat' dir='ltr'>,deinde</span> 
     </span>
     <span class='ocr_line' id='line_1_11' title="bbox 161 1528 1225 1617; baseline -0.004 -23"><span class='ocrx_word' id='word_1_80' title='bbox 161 1531 259 1595; x_wconf 87' lang='lat' dir='ltr'>habet</span> <span class='ocrx_word' id='word_1_81' title='bbox 281 1531 361 1596; x_wconf 89' lang='lat' dir='ltr'>haec</span> <span class='ocrx_word' id='word_1_82' title='bbox 384 1529 444 1617; x_wconf 85' lang='lat' dir='ltr'>(sc.</span> <span class='ocrx_word' id='word_1_83' title='bbox 459 1529 639 1614; x_wconf 84' lang='lat' dir='ltr'>clementia)</span> <span class='ocrx_word' id='word_1_84' title='bbox 656 1529 689 1591; x_wconf 92' lang='lat' dir='ltr'>in</span> <span class='ocrx_word' id='word_1_85' title='bbox 704 1549 842 1611; x_wconf 89' lang='lat' dir='ltr'>persona</span> <span class='ocrx_word' id='word_1_86' title='bbox 865 1549 994 1610; x_wconf 92' lang='lat' dir='ltr'>quoque</span> <span class='ocrx_word' id='word_1_87' title='bbox 1009 1528 1225 1593; x_wconf 86' lang='lat' dir='ltr'>innocentium</span> 
     </span>
     <span class='ocr_line' id='line_1_12' title="bbox 160 1634 1224 1719; baseline -0.004 -19"><span class='ocrx_word' id='word_1_88' title='bbox 160 1638 276 1719; x_wconf 93' lang='lat' dir='ltr'>locum,</span> <span class='ocrx_word' id='word_1_89' title='bbox 294 1638 368 1719; x_wconf 91' lang='lat' dir='ltr'>quia</span> <span class='ocrx_word' id='word_1_90' title='bbox 383 1636 511 1701; x_wconf 92' lang='lat' dir='ltr'>interim</span> <span class='ocrx_word' id='word_1_91' title='bbox 526 1634 656 1700; x_wconf 88' lang='lat' dir='ltr'>fortuna</span> <span class='ocrx_word' id='word_1_92' title='bbox 670 1656 730 1717; x_wconf 90' lang='lat' dir='ltr'>pro</span> <span class='ocrx_word' id='word_1_93' title='bbox 748 1634 843 1717; x_wconf 88' lang='lat' dir='ltr'>culpa</span> <span class='ocrx_word' id='word_1_94' title='bbox 860 1635 940 1698; x_wconf 77' lang='lat' dir='ltr'>est“.</span> <span class='ocrx_word' id='word_1_95' title='bbox 967 1634 1006 1698; x_wconf 89' lang='lat' dir='ltr'>de</span> <span class='ocrx_word' id='word_1_96' title='bbox 1023 1634 1126 1701; x_wconf 87' lang='lat' dir='ltr'>ben.I</span> <span class='ocrx_word' id='word_1_97' title='bbox 1144 1638 1172 1715; x_wconf 91' lang='lat'>1,</span> <span class='ocrx_word' id='word_1_98' title='bbox 1189 1637 1224 1697; x_wconf 89' lang='lat'>4:</span> 
     </span>
     <span class='ocr_line' id='line_1_13' title="bbox 164 1739 1226 1827; baseline -0.003 -19"><span class='ocrx_word' id='word_1_99' title='bbox 164 1744 301 1827; x_wconf 85' lang='lat' dir='ltr'>,multos</span> <span class='ocrx_word' id='word_1_100' title='bbox 328 1743 508 1826; x_wconf 87' lang='lat' dir='ltr'>experimur</span> <span class='ocrx_word' id='word_1_101' title='bbox 537 1743 691 1825; x_wconf 76' lang='lat' dir='ltr'>ingratoS,</span> <span class='ocrx_word' id='word_1_102' title='bbox 724 1743 832 1824; x_wconf 89' lang='lat' dir='ltr'>plures</span> <span class='ocrx_word' id='word_1_103' title='bbox 865 1739 1009 1823; x_wconf 86' lang='lat' dir='ltr'>facimus,</span> <span class='ocrx_word' id='word_1_104' title='bbox 1044 1741 1119 1824; x_wconf 91' lang='lat' dir='ltr'>quia</span> <span class='ocrx_word' id='word_1_105' title='bbox 1148 1740 1226 1805; x_wconf 88' lang='lat' dir='ltr'>alias</span> 
     </span>
     <span class='ocr_line' id='line_1_14' title="bbox 162 1847 1226 1933; baseline -0.003 -19"><span class='ocrx_word' id='word_1_106' title='bbox 162 1871 274 1933; x_wconf 81' lang='lat' dir='ltr'>graves</span> <span class='ocrx_word' id='word_1_107' title='bbox 299 1850 543 1932; x_wconf 84' lang='lat' dir='ltr'>exprobratores</span> <span class='ocrx_word' id='word_1_108' title='bbox 571 1854 802 1931; x_wconf 81' lang='lat' dir='ltr'>exactoresque</span> <span class='ocrx_word' id='word_1_109' title='bbox 830 1869 948 1928; x_wconf 88' lang='lat' dir='ltr'>sumus,</span> <span class='ocrx_word' id='word_1_110' title='bbox 977 1847 1056 1912; x_wconf 88' lang='lat' dir='ltr'>alias</span> <span class='ocrx_word' id='word_1_111' title='bbox 1085 1847 1170 1911; x_wconf 88' lang='lat' dir='ltr'>leves</span> <span class='ocrx_word' id='word_1_112' title='bbox 1194 1852 1226 1911; x_wconf 90' lang='lat' dir='ltr'>et</span> 
     </span>
     <span class='ocr_line' id='line_1_15' title="bbox 162 1955 1224 2040; baseline -0.004 -19"><span class='ocrx_word' id='word_1_113' title='bbox 162 1979 242 2040; x_wconf 89' lang='lat' dir='ltr'>quos</span> <span class='ocrx_word' id='word_1_114' title='bbox 270 1956 364 2039; x_wconf 89' lang='lat' dir='ltr'>paulo</span> <span class='ocrx_word' id='word_1_115' title='bbox 393 1961 469 2039; x_wconf 92' lang='lat' dir='ltr'>post</span> <span class='ocrx_word' id='word_1_116' title='bbox 492 1957 631 2030; x_wconf 89' lang='lat' dir='ltr'>muneris</span> <span class='ocrx_word' id='word_1_117' title='bbox 656 1956 703 2019; x_wconf 92' lang='lat' dir='ltr'>sui</span> <span class='ocrx_word' id='word_1_118' title='bbox 726 1955 922 2039; x_wconf 78' lang='lat' dir='ltr'>paeniteat“.</span> <span class='ocrx_word' id='word_1_119' title='bbox 958 1977 989 2018; x_wconf 94' lang='lat' dir='ltr'>n.</span> <span class='ocrx_word' id='word_1_120' title='bbox 1015 1955 1102 2037; x_wconf 84' lang='lat' dir='ltr'>qul</span> <span class='ocrx_word' id='word_1_121' title='bbox 1120 1959 1149 2036; x_wconf 92' lang='lat' dir='ltr'>l,</span> <span class='ocrx_word' id='word_1_122' title='bbox 1168 1958 1224 2018; x_wconf 87' lang='lat' dir='ltr'>lo:</span> 
     </span>
     <span class='ocr_line' id='line_1_16' title="bbox 165 2061 1225 2149; baseline -0.003 -22"><span class='ocrx_word' id='word_1_123' title='bbox 165 2064 328 2149; x_wconf 84' lang='lat' dir='ltr'>,sequitur</span> <span class='ocrx_word' id='word_1_124' title='bbox 352 2084 439 2144; x_wconf 80' lang='lat' dir='ltr'>ergo,</span> <span class='ocrx_word' id='word_1_125' title='bbox 466 2069 499 2126; x_wconf 88' lang='lat' dir='ltr'>ut</span> <span class='ocrx_word' id='word_1_126' title='bbox 522 2062 605 2127; x_wconf 88' lang='lat' dir='ltr'>infra</span> <span class='ocrx_word' id='word_1_127' title='bbox 627 2062 696 2126; x_wconf 89' lang='lat' dir='ltr'>illas</span> <span class='ocrx_word' id='word_1_128' title='bbox 720 2063 783 2126; x_wconf 91' lang='lat' dir='ltr'>ista</span> <span class='ocrx_word' id='word_1_129' title='bbox 805 2068 979 2126; x_wconf 87' lang='lat' dir='ltr'>nascantur</span> <span class='ocrx_word' id='word_1_130' title='bbox 999 2066 1032 2125; x_wconf 90' lang='lat' dir='ltr'>et</span> <span class='ocrx_word' id='word_1_131' title='bbox 1051 2062 1114 2125; x_wconf 86' lang='lat' dir='ltr'>cito</span> <span class='ocrx_word' id='word_1_132' title='bbox 1130 2061 1225 2125; x_wconf 89' lang='lat' dir='ltr'>inter-</span> 
     </span>
     <span class='ocr_line' id='line_1_17' title="bbox 162 2167 1224 2253; baseline -0.002 -19"><span class='ocrx_word' id='word_1_133' title='bbox 162 2171 279 2253; x_wconf 84' lang='lat' dir='ltr'>cidant,</span> <span class='ocrx_word' id='word_1_134' title='bbox 304 2170 378 2253; x_wconf 90' lang='lat' dir='ltr'>quia</span> <span class='ocrx_word' id='word_1_135' title='bbox 401 2169 468 2234; x_wconf 89' lang='lat' dir='ltr'>sine</span> <span class='ocrx_word' id='word_1_136' title='bbox 491 2167 699 2233; x_wconf 83' lang='lat' dir='ltr'>fundamento</span> <span class='ocrx_word' id='word_1_137' title='bbox 723 2174 756 2233; x_wconf 90' lang='lat' dir='ltr'>et</span> <span class='ocrx_word' id='word_1_138' title='bbox 779 2168 854 2233; x_wconf 89' lang='lat' dir='ltr'>sede</span> <span class='ocrx_word' id='word_1_139' title='bbox 877 2174 966 2232; x_wconf 88' lang='lat' dir='ltr'>certa</span> <span class='ocrx_word' id='word_1_140' title='bbox 982 2169 1088 2232; x_wconf 83' lang='lat' dir='ltr'>sunt“.</span> <span class='ocrx_word' id='word_1_141' title='bbox 1115 2189 1161 2249; x_wconf 67' lang='lat' dir='ltr'>ep⁴</span> <span class='ocrx_word' id='word_1_142' title='bbox 1182 2190 1224 2232; x_wconf 91' lang='lat' dir='ltr'>m.</span> 
     </span>
     <span class='ocr_line' id='line_1_18' title="bbox 164 2273 1226 2361; baseline -0.002 -22"><span class='ocrx_word' id='word_1_143' title='bbox 164 2284 192 2358; x_wconf 83' lang='lat'>7,</span> <span class='ocrx_word' id='word_1_144' title='bbox 216 2281 249 2339; x_wconf 89' lang='lat'>5:</span> <span class='ocrx_word' id='word_1_145' title='bbox 277 2277 371 2361; x_wconf 83' lang='lat' dir='ltr'>,quia</span> <span class='ocrx_word' id='word_1_146' title='bbox 395 2276 512 2340; x_wconf 89' lang='lat' dir='ltr'>occidit</span> <span class='ocrx_word' id='word_1_147' title='bbox 534 2275 597 2357; x_wconf 89' lang='lat' dir='ltr'>ille,</span> <span class='ocrx_word' id='word_1_148' title='bbox 626 2276 751 2356; x_wconf 89' lang='lat' dir='ltr'>meruit,</span> <span class='ocrx_word' id='word_1_149' title='bbox 776 2280 812 2339; x_wconf 92' lang='lat' dir='ltr'>ut</span> <span class='ocrx_word' id='word_1_150' title='bbox 835 2275 897 2339; x_wconf 95' lang='lat' dir='ltr'>hoc</span> <span class='ocrx_word' id='word_1_151' title='bbox 921 2275 1118 2357; x_wconf 78' lang='lat' dir='ltr'>pateretur“.</span> <span class='ocrx_word' id='word_1_152' title='bbox 1152 2273 1226 2339; x_wconf 91' lang='lat' dir='ltr'><strong>libri</strong></span> 
     </span>
     <span class='ocr_line' id='line_1_19' title="bbox 163 2381 1226 2469; baseline -0.005 -21"><span class='ocrx_word' id='word_1_153' title='bbox 163 2383 342 2469; x_wconf 82' lang='lat' dir='ltr'>,quomodo</span> <span class='ocrx_word' id='word_1_154' title='bbox 359 2382 773 2448; x_wconf 71' lang='grc' dir='ltr'>6111161116.66111111611116611α</span> <span class='ocrx_word' id='word_1_155' title='bbox 792 2382 883 2466; x_wconf 81' lang='lat' dir='ltr'>frgm.</span> <span class='ocrx_word' id='word_1_156' title='bbox 897 2383 965 2446; x_wconf 86' lang='lat'>111:</span> <span class='ocrx_word' id='word_1_157' title='bbox 985 2382 1119 2465; x_wconf 82' lang='lat' dir='ltr'>„notitia</span> <span class='ocrx_word' id='word_1_158' title='bbox 1131 2381 1226 2446; x_wconf 89' lang='lat' dir='ltr'>animi</span> 
     </span>
     <span class='ocr_line' id='line_1_20' title="bbox 160 2489 967 2573; baseline 0.001 -19"><span class='ocrx_word' id='word_1_159' title='bbox 160 2491 276 2555; x_wconf 90' lang='lat' dir='ltr'>certior</span> <span class='ocrx_word' id='word_1_160' title='bbox 292 2511 360 2555; x_wconf 91' lang='lat' dir='ltr'>esse</span> <span class='ocrx_word' id='word_1_161' title='bbox 377 2489 483 2571; x_wconf 91' lang='lat' dir='ltr'>debet,</span> <span class='ocrx_word' id='word_1_162' title='bbox 509 2490 583 2573; x_wconf 88' lang='lat' dir='ltr'>quia</span> <span class='ocrx_word' id='word_1_163' title='bbox 603 2489 708 2553; x_wconf 78' lang='lat' dir='ltr'>uultus</span> <span class='ocrx_word' id='word_1_164' title='bbox 728 2490 868 2553; x_wconf 86' lang='lat' dir='ltr'>incertus</span> <span class='ocrx_word' id='word_1_165' title='bbox 886 2490 967 2556; x_wconf 73' lang='lat' dir='ltr'>est“.</span> 
     </span>
    </p>

    <p class='ocr_par' dir='ltr' id='par_1_4' title="bbox 159 2591 1226 4174">
     <span class='ocr_line' id='line_1_21' title="bbox 226 2591 1225 2679; baseline -0.002 -19"><span class='ocrx_word' id='word_1_166' title='bbox 226 2596 288 2660; x_wconf 92' lang='lat' dir='ltr'>His</span> <span class='ocrx_word' id='word_1_167' title='bbox 305 2616 467 2679; x_wconf 92' lang='lat' dir='ltr'>opponere</span> <span class='ocrx_word' id='word_1_168' title='bbox 483 2597 606 2679; x_wconf 83' lang='lat' dir='ltr'>aliquot</span> <span class='ocrx_word' id='word_1_169' title='bbox 620 2595 714 2660; x_wconf 87' lang='lat' dir='ltr'>liceat</span> <span class='ocrx_word' id='word_1_170' title='bbox 730 2591 884 2678; x_wconf 87' lang='lat' dir='ltr'>exempla,</span> <span class='ocrx_word' id='word_1_171' title='bbox 901 2596 934 2659; x_wconf 93' lang='lat' dir='ltr'>in</span> <span class='ocrx_word' id='word_1_172' title='bbox 951 2594 1064 2678; x_wconf 91' lang='lat' dir='ltr'>quibus</span> <span class='ocrx_word' id='word_1_173' title='bbox 1080 2616 1137 2677; x_wconf 92' lang='lat' dir='ltr'>per</span> <span class='ocrx_word' id='word_1_174' title='bbox 1153 2615 1225 2659; x_wconf 88' lang='lat' dir='ltr'>ean·</span> 
     </span>
     <span class='ocr_line' id='line_1_22' title="bbox 160 2701 1226 2786; baseline -0.001 -20"><span class='ocrx_word' id='word_1_175' title='bbox 160 2703 232 2767; x_wconf 90' lang='lat' dir='ltr'>dem</span> <span class='ocrx_word' id='word_1_176' title='bbox 252 2702 441 2786; x_wconf 86' lang='lat' dir='ltr'>particulam</span> <span class='ocrx_word' id='word_1_177' title='bbox 458 2723 555 2767; x_wconf 88' lang='lat' dir='ltr'>causa</span> <span class='ocrx_word' id='word_1_178' title='bbox 571 2701 744 2767; x_wconf 86' lang='lat' dir='ltr'>denotatur</span> <span class='ocrx_word' id='word_1_179' title='bbox 766 2722 913 2766; x_wconf 89' lang='lat' dir='ltr'>movens:</span> <span class='ocrx_word' id='word_1_180' title='bbox 939 2701 969 2765; x_wconf 92' lang='lat' dir='ltr'>d.</span> <span class='ocrx_word' id='word_1_181' title='bbox 986 2701 1005 2764; x_wconf 88' lang='grc' dir='ltr'>Ι</span> <span class='ocrx_word' id='word_1_182' title='bbox 1022 2705 1052 2783; x_wconf 90' lang='grc'>6,</span> <span class='ocrx_word' id='word_1_183' title='bbox 1070 2706 1104 2764; x_wconf 88' lang='lat'>6:</span> <span class='ocrx_word' id='word_1_184' title='bbox 1133 2701 1226 2785; x_wconf 82' lang='lat' dir='ltr'>,quia</span> 
     </span>
     <span class='ocr_line' id='line_1_23' title="bbox 160 2806 1226 2893; baseline -0.002 -21"><span class='ocrx_word' id='word_1_185' title='bbox 160 2831 225 2874; x_wconf 90' lang='lat' dir='ltr'>uon</span> <span class='ocrx_word' id='word_1_186' title='bbox 240 2816 388 2892; x_wconf 88' lang='lat' dir='ltr'>poteram</span> <span class='ocrx_word' id='word_1_187' title='bbox 408 2830 463 2872; x_wconf 90' lang='lat' dir='ltr'>vos</span> <span class='ocrx_word' id='word_1_188' title='bbox 479 2809 548 2872; x_wconf 90' lang='lat' dir='ltr'>istis</span> <span class='ocrx_word' id='word_1_189' title='bbox 573 2806 631 2892; x_wconf 89' lang='lat' dir='ltr'>(sc.</span> <span class='ocrx_word' id='word_1_190' title='bbox 648 2807 794 2872; x_wconf 89' lang='lat' dir='ltr'>tristibus</span> <span class='ocrx_word' id='word_1_191' title='bbox 816 2807 926 2893; x_wconf 81' lang='lat' dir='ltr'>rebus)</span> <span class='ocrx_word' id='word_1_192' title='bbox 951 2807 1137 2887; x_wconf 90' lang='lat' dir='ltr'>subducere,</span> <span class='ocrx_word' id='word_1_193' title='bbox 1162 2807 1226 2871; x_wconf 92' lang='lat' dir='ltr'>ani-</span> 
     </span>
     <span class='ocr_line' id='line_1_24' title="bbox 160 2913 1226 2998; baseline -0.004 -18"><span class='ocrx_word' id='word_1_194' title='bbox 160 2937 229 2980; x_wconf 91' lang='lat' dir='ltr'>mos</span> <span class='ocrx_word' id='word_1_195' title='bbox 244 2921 368 2980; x_wconf 82' lang='lat' dir='ltr'>vestros</span> <span class='ocrx_word' id='word_1_196' title='bbox 390 2914 542 2979; x_wconf 87' lang='lat' dir='ltr'>adversus</span> <span class='ocrx_word' id='word_1_197' title='bbox 560 2915 666 2979; x_wconf 89' lang='lat' dir='ltr'>omnia</span> <span class='ocrx_word' id='word_1_198' title='bbox 682 2915 832 2980; x_wconf 76' lang='lat' dir='ltr'>armavi“.</span> <span class='ocrx_word' id='word_1_199' title='bbox 858 2914 888 2978; x_wconf 94' lang='lat' dir='ltr'>d.</span> <span class='ocrx_word' id='word_1_200' title='bbox 901 2915 956 2978; x_wconf 86' lang='grc' dir='ltr'>ΠΙ</span> <span class='ocrx_word' id='word_1_201' title='bbox 974 2918 1024 2994; x_wconf 78' lang='lat'>12,</span> <span class='ocrx_word' id='word_1_202' title='bbox 1044 2919 1078 2978; x_wconf 90' lang='lat'>3:</span> <span class='ocrx_word' id='word_1_203' title='bbox 1107 2913 1226 2998; x_wconf 78' lang='lat' dir='ltr'>,Pater</span> 
     </span>
     <span class='ocr_line' id='line_1_25' title="bbox 160 3021 1224 3104; baseline -0.002 -18"><span class='ocrx_word' id='word_1_204' title='bbox 160 3022 326 3087; x_wconf 89' lang='lat' dir='ltr'>caedetur:</span> <span class='ocrx_word' id='word_1_205' title='bbox 353 3021 534 3103; x_wconf 70' lang='lat' dir='ltr'>defendam,</span> <span class='ocrx_word' id='word_1_206' title='bbox 566 3043 678 3086; x_wconf 89' lang='lat' dir='ltr'>caesus</span> <span class='ocrx_word' id='word_1_207' title='bbox 702 3028 764 3087; x_wconf 90' lang='lat' dir='ltr'>est:</span> <span class='ocrx_word' id='word_1_208' title='bbox 796 3043 962 3104; x_wconf 89' lang='lat' dir='ltr'>exsequar,</span> <span class='ocrx_word' id='word_1_209' title='bbox 987 3021 1062 3104; x_wconf 90' lang='lat' dir='ltr'>quia</span> <span class='ocrx_word' id='word_1_210' title='bbox 1085 3025 1224 3103; x_wconf 86' lang='lat' dir='ltr'>oportet,</span> 
     </span>
     <span class='ocr_line' id='line_1_26' title="bbox 160 3128 1225 3212; baseline -0.005 -18"><span class='ocrx_word' id='word_1_211' title='bbox 160 3151 226 3194; x_wconf 90' lang='lat' dir='ltr'>non</span> <span class='ocrx_word' id='word_1_212' title='bbox 249 3129 324 3212; x_wconf 89' lang='lat' dir='ltr'>quia</span> <span class='ocrx_word' id='word_1_213' title='bbox 347 3128 469 3192; x_wconf 80' lang='lat' dir='ltr'>dolot“.</span> <span class='ocrx_word' id='word_1_214' title='bbox 495 3129 534 3193; x_wconf 92' lang='lat' dir='ltr'>de</span> <span class='ocrx_word' id='word_1_215' title='bbox 559 3128 648 3192; x_wconf 91' lang='grc'><strong>616111.</strong></span> <span class='ocrx_word' id='word_1_216' title='bbox 672 3129 691 3192; x_wconf 95' lang='grc' dir='ltr'>Ι</span> <span class='ocrx_word' id='word_1_217' title='bbox 717 3133 821 3202; x_wconf 88' lang='grc'><strong>15,11</strong></span> <span class='ocrx_word' id='word_1_218' title='bbox 849 3128 1063 3211; x_wconf 77' lang='lat' dir='ltr'>„Trichonem</span> <span class='ocrx_word' id='word_1_219' title='bbox 1086 3128 1225 3210; x_wconf 90' lang='lat' dir='ltr'>equitem</span> 
     </span>
     <span class='ocr_line' id='line_1_27' title="bbox 159 3234 1225 3318; baseline -0.004 -17"><span class='ocrx_word' id='word_1_220' title='bbox 159 3237 340 3301; x_wconf 87' lang='lat' dir='ltr'>Romanum</span> <span class='ocrx_word' id='word_1_221' title='bbox 364 3235 518 3301; x_wconf 89' lang='lat' dir='ltr'>memoria</span> <span class='ocrx_word' id='word_1_222' title='bbox 539 3241 661 3318; x_wconf 89' lang='lat' dir='ltr'>nostra,</span> <span class='ocrx_word' id='word_1_223' title='bbox 685 3236 760 3318; x_wconf 89' lang='lat' dir='ltr'>quia</span> <span class='ocrx_word' id='word_1_224' title='bbox 774 3234 872 3298; x_wconf 91' lang='lat' dir='ltr'>filium</span> <span class='ocrx_word' id='word_1_225' title='bbox 889 3257 979 3299; x_wconf 92' lang='lat' dir='ltr'>suurn</span> <span class='ocrx_word' id='word_1_226' title='bbox 995 3234 1127 3317; x_wconf 83' lang='lat' dir='ltr'>flagellis</span> <span class='ocrx_word' id='word_1_227' title='bbox 1145 3234 1225 3299; x_wconf 89' lang='lat' dir='ltr'>occi-</span> 
     </span>
     <span class='ocr_line' id='line_1_28' title="bbox 160 3341 1224 3426; baseline -0.005 -18"><span class='ocrx_word' id='word_1_228' title='bbox 160 3343 261 3425; x_wconf 85' lang='lat' dir='ltr'>derat,</span> <span class='ocrx_word' id='word_1_229' title='bbox 286 3343 423 3426; x_wconf 92' lang='lat' dir='ltr'>populus</span> <span class='ocrx_word' id='word_1_230' title='bbox 447 3341 585 3425; x_wconf 83' lang='lat' dir='ltr'>graphiis</span> <span class='ocrx_word' id='word_1_231' title='bbox 608 3343 640 3405; x_wconf 91' lang='grc'>111</span> <span class='ocrx_word' id='word_1_232' title='bbox 663 3342 736 3407; x_wconf 83' lang='grc'><strong>1616</strong></span> <span class='ocrx_word' id='word_1_233' title='bbox 761 3341 935 3407; x_wconf 57' lang='grc'><strong>6611161111.</strong></span> <span class='ocrx_word' id='word_1_234' title='bbox 960 3342 1000 3407; x_wconf 86' lang='grc'>(16</span> <span class='ocrx_word' id='word_1_235' title='bbox 1015 3342 1087 3407; x_wconf 89' lang='grc'><strong>11611.</strong></span> <span class='ocrx_word' id='word_1_236' title='bbox 1104 3342 1122 3405; x_wconf 93' lang='grc' dir='ltr'>Ι</span> <span class='ocrx_word' id='word_1_237' title='bbox 1138 3346 1169 3423; x_wconf 82' lang='grc'>9,</span> <span class='ocrx_word' id='word_1_238' title='bbox 1190 3345 1224 3404; x_wconf 89' lang='lat'>1:</span> 
     </span>
     <span class='ocr_line' id='line_1_29' title="bbox 162 3447 1226 3533; baseline -0.003 -20"><span class='ocrx_word' id='word_1_239' title='bbox 162 3449 347 3532; x_wconf 83' lang='lat' dir='ltr'>„expediam</span> <span class='ocrx_word' id='word_1_240' title='bbox 372 3449 502 3533; x_wconf 82' lang='lat' dir='ltr'>dignum</span> <span class='ocrx_word' id='word_1_241' title='bbox 524 3449 623 3514; x_wconf 91' lang='lat' dir='ltr'>nihilo</span> <span class='ocrx_word' id='word_1_242' title='bbox 639 3450 742 3514; x_wconf 91' lang='lat' dir='ltr'>minus</span> <span class='ocrx_word' id='word_1_243' title='bbox 764 3449 838 3513; x_wconf 89' lang='lat' dir='ltr'>huic</span> <span class='ocrx_word' id='word_1_244' title='bbox 861 3449 928 3513; x_wconf 92' lang='lat' dir='ltr'>viro</span> <span class='ocrx_word' id='word_1_245' title='bbox 952 3469 1076 3530; x_wconf 79' lang='lat' dir='ltr'>munuS,</span> <span class='ocrx_word' id='word_1_246' title='bbox 1101 3453 1133 3512; x_wconf 90' lang='lat' dir='ltr'>et</span> <span class='ocrx_word' id='word_1_247' title='bbox 1152 3447 1226 3530; x_wconf 89' lang='lat' dir='ltr'>quia</span> 
     </span>
     <span class='ocr_line' id='line_1_30' title="bbox 161 3555 1224 3638; baseline -0.002 -19"><span class='ocrx_word' id='word_1_248' title='bbox 161 3555 200 3620; x_wconf 91' lang='lat' dir='ltr'>de</span> <span class='ocrx_word' id='word_1_249' title='bbox 223 3561 280 3621; x_wconf 90' lang='lat' dir='ltr'>tuo</span> <span class='ocrx_word' id='word_1_250' title='bbox 304 3577 369 3621; x_wconf 90' lang='lat' dir='ltr'>non</span> <span class='ocrx_word' id='word_1_251' title='bbox 391 3576 535 3638; x_wconf 92' lang='lat' dir='ltr'>possum,</span> <span class='ocrx_word' id='word_1_252' title='bbox 570 3555 609 3621; x_wconf 93' lang='lat' dir='ltr'>de</span> <span class='ocrx_word' id='word_1_253' title='bbox 638 3577 709 3621; x_wconf 92' lang='lat' dir='ltr'>meo</span> <span class='ocrx_word' id='word_1_254' title='bbox 740 3555 857 3621; x_wconf 77' lang='lat' dir='ltr'>dabo“.</span> <span class='ocrx_word' id='word_1_255' title='bbox 891 3555 930 3620; x_wconf 91' lang='lat' dir='ltr'>de</span> <span class='ocrx_word' id='word_1_256' title='bbox 953 3556 1026 3620; x_wconf 88' lang='lat' dir='ltr'>ben.</span> <span class='ocrx_word' id='word_1_257' title='bbox 1049 3555 1086 3619; x_wconf 93' lang='lat' dir='ltr'>II</span> <span class='ocrx_word' id='word_1_258' title='bbox 1111 3559 1162 3634; x_wconf 85' lang='lat'>30,</span> <span class='ocrx_word' id='word_1_259' title='bbox 1189 3558 1224 3617; x_wconf 88' lang='lat'>1:</span> 
     </span>
     <span class='ocr_line' id='line_1_31' title="bbox 164 3660 1224 3745; baseline 0 -20"><span class='ocrx_word' id='word_1_260' title='bbox 164 3661 270 3745; x_wconf 84' lang='lat' dir='ltr'>,haec,</span> <span class='ocrx_word' id='word_1_261' title='bbox 295 3663 337 3726; x_wconf 91' lang='lat' dir='ltr'>mi</span> <span class='ocrx_word' id='word_1_262' title='bbox 353 3661 521 3744; x_wconf 88' lang='lat' dir='ltr'>Liberalis,</span> <span class='ocrx_word' id='word_1_263' title='bbox 545 3663 726 3727; x_wconf 89' lang='lat' dir='ltr'>necessaria</span> <span class='ocrx_word' id='word_1_264' title='bbox 742 3661 873 3744; x_wconf 88' lang='lat' dir='ltr'>credidi,</span> <span class='ocrx_word' id='word_1_265' title='bbox 890 3669 923 3727; x_wconf 93' lang='lat' dir='ltr'>et</span> <span class='ocrx_word' id='word_1_266' title='bbox 939 3662 1014 3745; x_wconf 90' lang='lat' dir='ltr'>quia</span> <span class='ocrx_word' id='word_1_267' title='bbox 1028 3660 1224 3745; x_wconf 91' lang='lat' dir='ltr'>loquendum</span> 
     </span>
     <span class='ocr_line' id='line_1_32' title="bbox 159 3767 1224 3851; baseline 0.001 -21"><span class='ocrx_word' id='word_1_268' title='bbox 159 3767 278 3851; x_wconf 89' lang='lat' dir='ltr'>aliquid</span> <span class='ocrx_word' id='word_1_269' title='bbox 303 3768 341 3834; x_wconf 92' lang='lat' dir='ltr'>de</span> <span class='ocrx_word' id='word_1_270' title='bbox 365 3770 509 3833; x_wconf 63' lang='lat' dir='ltr'>maximis</span> <span class='ocrx_word' id='word_1_271' title='bbox 532 3768 693 3834; x_wconf 90' lang='lat' dir='ltr'>beneficiis</span> <span class='ocrx_word' id='word_1_272' title='bbox 717 3774 796 3851; x_wconf 89' lang='lat' dir='ltr'>erat,</span> <span class='ocrx_word' id='word_1_273' title='bbox 821 3790 892 3833; x_wconf 92' lang='lat' dir='ltr'>cum</span> <span class='ocrx_word' id='word_1_274' title='bbox 915 3769 955 3833; x_wconf 91' lang='lat' dir='ltr'>de</span> <span class='ocrx_word' id='word_1_275' title='bbox 971 3769 1100 3833; x_wconf 91' lang='lat' dir='ltr'>minutis</span> <span class='ocrx_word' id='word_1_276' title='bbox 1115 3769 1224 3851; x_wconf 90' lang='lat' dir='ltr'>loque-</span> 
     </span>
     <span class='ocr_line' id='line_1_33' title="bbox 159 3874 1224 3958; baseline -0.001 -20"><span class='ocrx_word' id='word_1_277' title='bbox 159 3897 276 3953; x_wconf 86' lang='lat' dir='ltr'>remur,</span> <span class='ocrx_word' id='word_1_278' title='bbox 301 3881 333 3939; x_wconf 93' lang='lat' dir='ltr'>et</span> <span class='ocrx_word' id='word_1_279' title='bbox 357 3876 450 3958; x_wconf 78' lang='lat' dir='ltr'>quia“</span> <span class='ocrx_word' id='word_1_280' title='bbox 477 3897 504 3939; x_wconf 90' lang='lat' dir='ltr'>e.</span> <span class='ocrx_word' id='word_1_281' title='bbox 522 3897 552 3957; x_wconf 91' lang='lat' dir='ltr'>q.</span> <span class='ocrx_word' id='word_1_282' title='bbox 574 3897 599 3939; x_wconf 89' lang='lat' dir='ltr'>s.</span> <span class='ocrx_word' id='word_1_283' title='bbox 625 3874 663 3940; x_wconf 92' lang='lat' dir='ltr'>de</span> <span class='ocrx_word' id='word_1_284' title='bbox 686 3875 759 3940; x_wconf 94' lang='lat' dir='ltr'>ben.</span> <span class='ocrx_word' id='word_1_285' title='bbox 783 3875 853 3942; x_wconf 84' lang='lat' dir='ltr'>VII</span> <span class='ocrx_word' id='word_1_286' title='bbox 871 3879 921 3956; x_wconf 88' lang='grc'>17,</span> <span class='ocrx_word' id='word_1_287' title='bbox 939 3880 976 3938; x_wconf 77' lang='grc'>21</span> <span class='ocrx_word' id='word_1_288' title='bbox 1004 3875 1107 3957; x_wconf 83' lang='lat' dir='ltr'>,malo</span> <span class='ocrx_word' id='word_1_289' title='bbox 1130 3874 1224 3939; x_wconf 89' lang='lat' dir='ltr'>bene-</span> 
     </span>
     <span class='ocr_line' id='line_1_34' title="bbox 160 3980 1225 4064; baseline 0.003 -21"><span class='ocrx_word' id='word_1_290' title='bbox 160 3981 265 4044; x_wconf 88' lang='lat' dir='ltr'>ficium</span> <span class='ocrx_word' id='word_1_291' title='bbox 288 3982 453 4063; x_wconf 86' lang='lat' dir='ltr'>proiciam,</span> <span class='ocrx_word' id='word_1_292' title='bbox 485 3982 570 4045; x_wconf 89' lang='lat' dir='ltr'>bono</span> <span class='ocrx_word' id='word_1_293' title='bbox 595 3981 738 4063; x_wconf 91' lang='lat' dir='ltr'>reddam,</span> <span class='ocrx_word' id='word_1_294' title='bbox 768 3981 842 4045; x_wconf 90' lang='lat' dir='ltr'>huic</span> <span class='ocrx_word' id='word_1_295' title='bbox 865 3981 940 4064; x_wconf 91' lang='lat' dir='ltr'>quia</span> <span class='ocrx_word' id='word_1_296' title='bbox 963 3981 1076 4063; x_wconf 90' lang='lat' dir='ltr'>debeo,</span> <span class='ocrx_word' id='word_1_297' title='bbox 1104 3980 1160 4062; x_wconf 90' lang='lat' dir='ltr'>illi,</span> <span class='ocrx_word' id='word_1_298' title='bbox 1185 4003 1225 4046; x_wconf 92' lang='lat' dir='ltr'>ne</span> 
     </span>
     <span class='ocr_line' id='line_1_35' title="bbox 161 4087 1225 4174; baseline 0 -23"><span class='ocrx_word' id='word_1_299' title='bbox 161 4087 326 4152; x_wconf 77' lang='lat' dir='ltr'>debeam“.</span> <span class='ocrx_word' id='word_1_300' title='bbox 350 4109 381 4152; x_wconf 88' lang='grc'>11.</span> <span class='ocrx_word' id='word_1_301' title='bbox 406 4109 458 4171; x_wconf 90' lang='lat' dir='ltr'>qu.</span> <span class='ocrx_word' id='word_1_302' title='bbox 482 4087 533 4156; x_wconf 91' lang='lat' dir='ltr'>IV</span> <span class='ocrx_word' id='word_1_303' title='bbox 559 4092 609 4171; x_wconf 89' lang='lat'>13,</span> <span class='ocrx_word' id='word_1_304' title='bbox 633 4093 669 4152; x_wconf 78' lang='grc'>91</span> <span class='ocrx_word' id='word_1_305' title='bbox 704 4088 950 4174; x_wconf 84' lang='lat' dir='ltr'>,unguentarios</span> <span class='ocrx_word' id='word_1_306' title='bbox 977 4087 1225 4153; x_wconf 87' lang='lat' dir='ltr'>Lacedaemonii</span> 
     </span>
    </p>
   </div>
   <div class='ocr_carea' id='block_1_3' title="bbox 1014 4226 1358 4488">
    <p class='ocr_par' dir='ltr' id='par_1_5' title="bbox 1071 4226 1358 4488">
     <span class='ocr_line' id='line_1_36' title="bbox 1225 4226 1358 4488; baseline 0 0"><span class='ocrx_word' id='word_1_307' title='bbox 1225 4226 1358 4488; x_wconf 49' lang='lat' dir='ltr'><em>A</em></span> 
     </span>
     <span class='ocr_line' id='line_1_37' title="bbox 1071 4267 1076 4279; baseline 0 0"><span class='ocrx_word' id='word_1_308' title='bbox 1071 4267 1076 4279; x_wconf 96' lang='grc' dir='ltr'><strong><em>Ι</em></strong></span> 
     </span>
    </p>

    <p class='ocr_par' dir='ltr' id='par_1_6' title="bbox 1108 4287 1111 4296">
     <span class='ocr_line' id='line_1_38' title="bbox 1108 4287 1111 4296; baseline 0 0"><span class='ocrx_word' id='word_1_309' title='bbox 1108 4287 1111 4296; x_wconf 77' lang='grc'><strong>.</strong></span> 
     </span>
    </p>

    <p class='ocr_par' dir='ltr' id='par_1_7' title="bbox 1075 4301 1098 4315">
     <span class='ocr_line' id='line_1_39' title="bbox 1075 4301 1098 4315; baseline 0 0"><span class='ocrx_word' id='word_1_310' title='bbox 1075 4301 1098 4315; x_wconf 74' lang='lat'>¹1</span> 
     </span>
    </p>

    <p class='ocr_par' dir='ltr' id='par_1_8' title="bbox 1014 4324 1016 4331">
     <span class='ocr_line' id='line_1_40' title="bbox 1014 4324 1016 4331; baseline 0 0"><span class='ocrx_word' id='word_1_311' title='bbox 1014 4324 1016 4331; x_wconf 92' lang='lat'><em>.</em></span> 
     </span>
    </p>

    <p class='ocr_par' dir='ltr' id='par_1_9' title="bbox 1322 4348 1328 4355">
     <span class='ocr_line' id='line_1_41' title="bbox 1322 4348 1328 4355; baseline 0 0"><span class='ocrx_word' id='word_1_312' title='bbox 1322 4348 1328 4355; x_wconf 92' lang='lat'><em>.</em></span> 
     </span>
    </p>
   </div>
   <div class='ocr_carea' id='block_1_4' title="bbox 0 0 1396 4776">
    <p class='ocr_par' dir='ltr' id='par_1_10' title="bbox 0 0 1396 4776">
     <span class='ocr_line' id='line_1_42' title="bbox 0 0 1396 4776; baseline 0 0"><span class='ocrx_word' id='word_1_313' title='bbox 0 0 1396 4776; x_wconf 95' lang='lat' dir='ltr'> </span> 
     </span>
    </p>
   </div>
  </div>
 </body>
</html>
