2782 4776
582 419 803 478 -28-

160 615 191 656 n.
216 614 269 675 qu
288 561 1113 676 Ι6,1,111111111111811111111111111111,
1140 593 1225 674 quod

160 719 332 782 numquam
360 698 461 762 maior
488 720 581 763 arcus
610 698 739 763 dimidio
766 697 885 763 circulo
909 697 1063 780 adparet
1091 720 1117 763 e.
1143 721 1172 781 q.
1199 720 1222 764 s.

161 804 192 868 d.
209 804 295 872 VIII
315 809 343 886 1,
369 810 402 868 2;
430 826 522 888 „nam
545 806 630 870 inter
653 810 761 870 cetera
783 805 868 869 mala
883 805 960 869 illud
975 806 1146 888 pessimum
1166 811 1224 885 est,

161 912 265 994 quod“
293 933 320 976 e.
345 934 375 994 q.
400 932 424 976 1.
458 933 488 974 1.
506 933 558 994 qu.
583 912 633 979 VI
659 916 710 987 13,
736 917 769 974 6;
797 913 997 995 „etiamnunc
1020 918 1052 976 et
1075 911 1152 975 illud
1177 934 1225 976 ac-

117 1104 119 1108 ,
162 1018 247 1082 cedit
276 1017 325 1082 bis
359 1019 554 1100 argumentis
585 1018 690 1101 (11111α
718 1041 744 1083 e.
770 1041 800 1102 q.
825 1040 850 1082 s.
889 1018 939 1086 VI
964 1025 993 1100 2,
1019 1025 1052 1083 6;
1088 1019 1225 1103 „nullum

161 1125 309 1190 solatium
331 1125 432 1189 maius
457 1130 506 1190 est
528 1127 642 1190 mortis
665 1147 761 1209 quam
783 1127 853 1207 ipsa
868 1127 1058 1190 mortalitas,
1105 1125 1224 1189 nullum

160 1239 266 1299 autem
298 1234 605 1317 omniumistorum,
639 1255 719 1316 quae
744 1235 938 1299 extrinsecus
962 1239 1097 1315 terrent,
1131 1256 1225 1316 quam

160 1341 267 1425 quod‘
294 1361 320 1404 e.
345 1363 376 1423 q.
400 1362 426 1404 s.

225 1448 265 1511 In
298 1447 480 1512 accusativo
513 1448 644 1531 ponitur
674 1448 906 1512 substantivum
940 1469 1011 1512 cum
1037 1447 1225 1530 pronomine

161 1575 316 1620 conexum
339 1576 370 1617 n.
388 1576 440 1636 qu.
465 1554 522 1618 III
540 1558 590 1635 11,
610 1557 643 1618 5:
672 1575 820 1640 „causam
843 1554 996 1618 siccitatis
1019 1554 1100 1618 hanc
1123 1554 1223 1636 ponit,

161 1662 262 1832 quodt
277 1661 453 1743 obriguerit
480 1667 572 1725 const
573 1661 657 1726 ricta
621 1661 773 1726 ttaellus
796 1683 855 1725 nec
877 1667 935 1742 pot
936 1662 1018 1724 uerit
1005 1660 1190 1726 timbr'cs
1182 1684 1225 1724 m-

160 1769 283 1851 agitata
264 1769 455 1833 atransmit
442 1770 557 1832 t.tere“
592 1790 622 1830 n.
648 1791 701 1850 qu.
725 1768 848 1848 VII5‚
875 1772 909 1831 5:
945 1769 1048 1852 „hanc
1070 1767 1225 1831 habentes

161 1876 378 1954 differentiam,
405 1875 511 1957 (11111ιι
539 1898 565 1940 e.
584 1897 614 1956 q
632 1898 656 1939 s.
693 1898 724 1942 n
749 1875 1225 1957 (11.1[1111.12;1137,2·

160 1984 199 2046 de
222 1983 295 2047 ben.
311 1982 361 2049 IV
380 1985 430 2064 17,
448 1985 478 2045 4.
504 2003 554 2063 ep.
571 2005 612 2045 m.
631 1985 683 2064 56,
702 1987 735 2044 3:
762 1981 924 2064 „quamvis
948 1982 1074 2046 audiam
1098 1925 1225 2045 cuidani

160 2091 248 2172 genti
270 2089 353 2153 hanc
377 2111 472 2153 unam
494 2089 590 2153 fuisse
614 2111 741 2154 causam
766 2089 876 2153 urbem
897 2110 987 2152 suam
1003 2088 1225 2171 transferendi,

160 2197 266 2280 111111α
294 2218 320 2260 e.
346 2218 376 2279 q.
402 2217 426 2260 1.
463 2195 494 2260 d.
518 2196 550 2263 V
575 2201 625 2277 23,
654 2201 686 2260 7:
724 2217 801 2280 „nec
828 2196 924 2259 ullam
952 2196 1045 2259 aliam
1068 2195 1226 2260 habuerat

160 2325 287 2368 eausam
311 2302 486 2380 desinendi,
516 2324 610 2385 quam
640 2301 1064 2385 (111(10111111111111111ιι
1092 2325 1118 2367 e.
1145 2325 1176 2384 q.
1201 2325 1225 2366 s.

119 2441 122 2446 ·
159 2433 208 2493 ep.
234 2433 274 2476 m.
303 2415 353 2492 73,
378 2415 414 2473 21
442 2431 521 2493 „nec
544 2409 643 2473 ullum
666 2410 763 2474 babet
787 2410 904 2474 malum
928 2409 1087 2491 cupiditas
1111 2411 1224 2483 maius,

160 2540 256 2599 quarn
279 2517 384 2600 111011α
412 2539 438 2582 e.
464 2539 493 2599 q.
519 2539 543 2580 1.
576 2521 647 2598 121,
666 2521 700 2579 9;
728 2538 806 2601 „nec
830 2517 927 2580 ullum
950 2516 1051 2580 maius
1074 2517 1225 2609 indicium

159 2624 312 2689 habemus
335 2646 407 2690 cum
430 2624 489 2688 hac
512 2623 566 2688 illa
589 2623 630 2687 ad
653 2624 818 2688 vivendum
841 2624 948 2688 venire
970 2624 1097 2704 notitia,
1129 2646 1225 2705 quam

159 2731 266 2812 (11111α
285 2751 312 2795 e.
330 2753 360 2813 q.
378 2751 402 2794 s.
435 2730 634 2793 accusativus
658 2751 730 2793 curn
752 2727 905 2793 infinitivo
930 2729 1045 2794 obiecti
1067 2730 1134 2793 vice
1158 2728 1225 2792 fun-

159 2838 244 2919 gitur
265 2837 298 2900 in
320 2836 384 2915 his:
410 2835 440 2899 d.
458 2835 512 2899 IX
533 2839 583 2917 lo,
601 2841 635 2898 5:
664 2835 740 2919 „sed
755 2835 816 2899 boc
831 2836 934 2918 ipsum
951 2841 1111 2900 testentur
1127 2836 1224 2899 maxi-

158 2964 245 3007 mum
268 2963 346 3006 onus
370 2964 462 3005 suurn
486 2964 564 3023 esse,
598 2942 685 3024 quod
709 2942 778 3006 aliis
802 2963 913 3024 graves
937 2964 1005 3007 esse
1034 2946 1224 3024 cogantur“.

159 3072 273 3132 epm.
300 3052 352 3130 30,
379 3052 438 3113 16:
475 3048 571 3133 „illud
603 3048 730 3130 quidem
760 3049 867 3113 aiebat
894 3054 1089 3114 tormentum
1113 3055 1226 3113 nostra

159 3179 217 3221 nos
241 3157 359 3220 sentire
383 3176 492 3238 opera,
518 3156 603 3238 quod
628 3156 943 3239 11111111111111111ιι
971 3179 998 3220 e.
1016 3178 1046 3238 q.
1064 3177 1088 3218 1.

226 3262 395 3327 Ablativus
437 3269 542 3327 exstat
584 3285 633 3345 ep.
658 3285 700 3326 m.
726 3267 779 3345 33,
807 3267 860 3326 10:
906 3263 985 3347 „bac
1016 3284 1081 3345 spe,
1120 3263 1225 3344 inquit

159 3371 284 3452 sapiens
308 3369 370 3451 ille,
394 3368 509 3434 fortius
534 3390 623 3451 exeo,
648 3369 735 3453 quod
757 3376 870 3452 patere
890 3370 966 3432 mibi
982 3368 1024 3433 ad
1040 3369 1118 3433 deos
1135 3391 1224 3434 meos

158 3477 220 3541 iter
242 3477 380 3540 iudico“.
406 3476 493 3558 quod
515 3475 633 3558 legitur
657 3498 765 3558 epm.
785 3482 836 3557 76,
855 3480 910 3539 32;
939 3476 1018 3560 „boc
1041 3475 1223 3540 laboramus

159 3604 283 3664 errore,
324 3584 368 3647 sic
402 3583 495 3647 nobis
533 3583 721 3665 imponitur,
761 3582 848 3665 quod
887 3582 1043 3646 neminem
1078 3583 1223 3646 aestima·

158 3690 247 3754 mus“
275 3710 302 3753 e.
327 3711 357 3772 q.
382 3711 406 3753 s.
439 3711 458 3754 a
487 3689 601 3754 ceteris
629 3689 675 3753 ita
697 3689 859 3772 paululum
883 3688 1045 3770 discrepat
1067 3695 1104 3752 11
1126 3689 1224 3753 verba

162 3797 226 3881 „sic
249 3795 342 3859 nobis
364 3796 559 3878 imponitur“
591 3795 688 3877 paulo
718 3795 847 3860 liberius
870 3794 1031 3859 inculcata
1055 3795 1117 3858 sint
1140 3796 1223 3858 inter

159 3903 213 3966 illa
238 3902 319 3986 „hoc
343 3902 527 3967 laboramus
552 3923 660 3966 errore
685 3902 803 3985 quod“.
835 3925 865 3965 n.
884 3923 935 3984 qu.
960 3901 1014 3965 III
1040 3906 1068 3982 7,
1085 3906 1120 3963 4;
1148 3902 1221 3983 „illo

160 4031 287 4092 quoque
311 4017 499 4092 argumento
522 4009 602 4074 baec
627 4010 734 4091 opinio
759 4008 925 4088 refellitur,
955 4008 1061 4090 quod“
1089 4030 1116 4071 e.
1141 4032 1172 4091 q.
1197 4031 1221 4072 s.

159 4138 267 4198 epm.
288 4121 338 4200 18,
356 4122 390 4181 8:
417 4117 490 4202 „illo
505 4117 632 4180 nomine
648 4121 681 4179 te
698 4116 831 4198 suspice,
854 4114 961 4197 quod“
980 4136 1007 4179 e.
1020 4136 1079 4197 q.s
1117 4120 1171 4196 67,
1186 4119 1220 4177 3:
