2782 4776
583 409 801 468 „27-

163 582 261 666 ,hanc
285 583 368 646 enim
390 581 462 665 plus
486 582 603 647 habere
628 583 741 646 caloris
766 603 805 647 ex
828 587 967 666 quatuor
995 584 1115 647 causis:
1149 604 1222 662 una,

160 689 244 770 quod
262 689 363 752 omnis
379 694 536 753 terrarum
553 689 750 770 evaporati0,
775 710 846 753 cum
862 688 996 753 multum
1012 689 1045 752 in
1061 710 1095 755 se
1111 688 1224 754 fervidi

159 795 302 878 aridique
327 795 454 878 habeat,
483 794 546 860 hoc
575 800 623 859 est
647 795 781 860 calidior
804 818 868 879 quo
892 797 1063 861 recentior.
1110 797 1222 879 altera,

159 902 245 986 quod
268 903 350 967 radii
371 902 448 967 solis
464 925 484 967 a
499 908 586 967 terra
602 902 745 966 resiliunt
763 909 794 967 et
811 903 842 966 in
859 924 893 967 se
910 906 1073 967 currunt“.
1110 903 1224 968 deinde

160 1016 193 1075 ut
210 1010 359 1074 varietati
376 1009 529 1074 orationis
546 1008 730 1073 consulatur
750 1010 794 1073 sic
809 1010 914 1092 pergit
931 1011 1081 1093 scriptor:
1111 1011 1225 1094 ,tertia

160 1138 256 1182 causa
280 1121 338 1197 est,
364 1116 450 1199 quod
473 1116 572 1198 magis
596 1115 761 1198 superiora
783 1115 977 1198 perflantur“
1005 1140 1032 1182 e.
1050 1140 1080 1200 q.
1098 1138 1123 1180 s.

226 1221 467 1287 Substantivum
491 1243 511 1285 a
531 1222 768 1304 praepositione
794 1225 872 1305 ,exl
890 1223 1032 1304 pendens
1050 1224 1226 1307 explicatur

160 1352 188 1392 n.
206 1351 260 1412 qu.
278 1328 329 1396 IV
345 1334 375 1409 2,
401 1333 437 1391 9:
465 1329 633 1412 „iuvatque
655 1350 751 1411 agros
773 1328 897 1394 duabus
914 1351 953 1393 ex
969 1331 1072 1395 causis
1089 1335 1121 1394 et
1138 1329 1224 1412 quod

159 1434 292 1499 inundat
309 1440 341 1500 et
357 1434 445 1517 quod
462 1434 626 1499 oblimat“.
666 1435 727 1499 huc
743 1437 883 1517 pertinet
900 1437 995 1500 etiam
1013 1436 1043 1499 d.
1061 1436 1098 1500 X
1118 1441 1168 1518 13,
1194 1441 1223 1500 8.

226 1538 468 1605 Substantivum
491 1541 693 1604 coniunctum
717 1546 766 1605 est
789 1563 861 1605 cum
883 1543 1123 1623 praepositione
1143 1543 1221 1626 ,de“

161 1648 188 1711 d.
205 1647 243 1711 X
270 1651 297 1729 l,
326 1651 358 1710 l:
391 1646 518 1732 „Maior
540 1668 615 1729 pars
639 1647 833 1728 mortalium,
857 1648 1002 1731 Pauline,
1027 1648 1066 1713 de
1090 1654 1224 1713 naturae

160 1755 356 1837 malignitate
384 1755 599 1836 conqueritur,
630 1754 716 1837 quod
739 1755 770 1817 in
795 1755 942 1837 exiguum
966 1757 1033 1820 aevi
1058 1757 1225 1838 gignamur

161 1862 292 1946 (sequor
313 1862 427 1947 Paulyi
456 1861 726 1926 emendationem:
763 1863 919 1945 gignimur
943 1862 1001 1948 A),
1032 1864 1118 1947 quod
1145 1864 1224 1928 haec

162 1974 225 2034 tam
252 1970 411 2049 velociter,
440 1974 507 2032 tam
530 1968 640 2052 rapide
664 1968 730 2032 dati
753 1969 845 2034 nobis
868 1971 1020 2052 temporis
1044 1972 1149 2053 spatia
1172 1971 1223 2035 de·

163 2076 324 2140 currant“.
364 2076 395 2139 d.
411 2075 449 2138 X
466 2081 496 2157 2,
522 2080 556 2138 5:
586 2081 782 2160 „queruntur
806 2076 845 2140 de
870 2078 1066 2159 superiorum
1084 2078 1223 2158 fastidio,

163 2183 248 2266 quod
271 2183 347 2265 ipsis
371 2183 460 2247 adire
484 2183 663 2247 volentibus
686 2204 751 2246 non
775 2184 988 2247 vacaverint“.

226 2290 262 2377 b)
286 2290 498 2354 Enuntiatum
528 2312 567 2354 ex
596 2290 754 2372 particula
786 2291 912 2373 ,quodl
941 2296 1051 2373 aptum
1076 2292 1224 2374 explana-

163 2398 280 2462 tionem
319 2397 460 2461 continet
502 2396 690 2461 substantivi
723 2418 795 2460 cum
828 2399 1017 2479 pronomine
1053 2400 1225 2466 coniuncti.

226 2503 425 2568 Nominativi
448 2503 527 2568 haec
552 2503 655 2568 habeo
681 2503 841 2586 exempla:
877 2504 1056 2587 alvea,
1082 2511 1118 2571 3:
1147 2508 1226 2591 ,hoo

162 2610 317 2674 humanae
345 2615 479 2675 naturae
506 2611 616 2674 vitium
647 2616 829 2693 suspectum
860 2617 1036 2694 notumque
1060 2613 1150 2677 nobis
1175 2615 1226 2694 sit,

164 2717 261 2800 quod,
285 2738 370 2800 quoe
392 2717 480 2781 inviti
504 2717 659 2797 audimus,
684 2716 818 2782 libenter
841 2719 1031 2783 credimus“.
1067 2741 1097 2783 n.
1114 2741 1167 2803 qu.
1191 2720 1227 2784 H

164 2828 214 2906 59,
242 2827 299 2887 13:
327 2830 379 2909 „et
400 2824 483 2889 inter
506 2829 615 2888 cetera
637 2823 698 2888 hoc
719 2845 847 2907 quoque
864 2826 1066 2890 commodum
1084 2832 1132 2890 est
1149 2826 1225 2906 eius,

163 2931 249 3014 quod
273 2931 543 3013 exspectationem
566 2952 655 2994 suarn
679 2931 872 2996 antecedit“.
908 2955 939 2995 n.
963 2953 1016 3014 qu.
1036 2931 1086 2997 VI
1111 2937 1164 3012 24,
1191 2937 1225 3013 53

163 3061 210 3122 ep.
235 3062 277 3103 rn.
304 3044 356 3121 78,
383 3043 441 3119 103
469 3043 541 3115 102,
569 3042 626 3119 18;
654 3061 684 3102 n.
710 3039 803 3121 qul
828 3044 858 3119 2,
887 3041 942 3103 10:
979 3060 1096 3123 ,causa
1118 3044 1225 3103 autem

162 3147 303 3210 raritatis
318 3147 399 3210 haec
415 3152 473 3228 est,
491 3145 596 3229 quod“
613 3168 640 3210 e.
654 3168 683 3228 q.
698 3166 721 3208 s.
758 3167 862 3227 epm.
878 3151 908 3227 6,
928 3150 959 3208 1:
986 3150 1039 3229 ,et
1050 3145 1111 3209 hoc
1122 3146 1225 3228 ipsum

162 3260 383 3338 argumentum
408 3260 456 3318 est
479 3255 511 3318 iu
534 3255 645 3319 melius
670 3254 818 3319 translati
834 3255 939 3335 animi,
965 3253 1051 3336 quod
1066 3254 1142 3318 vitia
1157 3275 1224 3333 sua,

162 3383 240 3444 quae
270 3363 373 3427 adhuc
402 3362 584 3444 ignorabat,
620 3362 737 3426 videt“.
786 3385 835 3445 ep.
859 3385 901 3426 m.
927 3366 984 3443 97,
1019 3366 1074 3442 153
1109 3383 1159 3444 ep.
1183 3384 1225 3425 m.

163 3475 213 3551 82,
241 3473 294 3533 15:
333 3469 408 3552 „illa
434 3490 561 3552 quoque
589 3490 640 3533 res
668 3471 763 3533 morti
791 3491 851 3534 nos
875 3469 1007 3550 alienat,
1039 3469 1124 3551 quod
1147 3469 1225 3534 haec

161 3577 223 3640 iam
251 3576 404 3655 novimus
435 3575 498 3654 illa,
531 3575 573 3639 ad
600 3596 683 3658 quae
706 3576 872 3640 transituri
896 3595 1015 3657 sumus,
1047 3575 1223 3640 nescimus“

164 3704 190 3750 e.
215 3704 245 3765 q.
271 3702 296 3746 s.
337 3680 421 3746 dX
447 3684 496 3764 16,
523 3687 558 3762 33
583 3681 698 3747 dVII
726 3685 754 3764 l,
781 3688 816 3746 3:
849 3683 960 3764 „atqui
982 3681 1070 3746 nulla
1092 3703 1144 3747 res
1166 3702 1226 3746 nos

161 3788 332 3853 maioribus
355 3788 446 3852 malis
469 3788 611 3871 inplicat,
636 3810 728 3872 quam
751 3787 834 3870 quod
856 3788 898 3852 ad
917 3809 1078 3853 rumorem
1099 3809 1226 3870 compo-

162 3897 297 3960 nimur“.
344 3916 409 3959 non
437 3896 545 3978 inepte
568 3897 642 3960 huic
666 3897 759 3960 classi
783 3894 1018 3976 subiungendos
1042 3901 1122 3977 puto
1146 3917 1225 3960 non-

161 4003 262 4066 nullos
286 4001 386 4083 locos,
410 4002 442 4066 in
466 4002 581 4085 quibus
606 4002 837 4067 substantivum
862 4023 900 4066 ex
923 4002 1052 4084 reliquis
1069 4002 1225 4066 enuntiati

162 4109 264 4174 verbis
280 4108 322 4173 ad
336 4129 516 4191 pronomen
532 4109 625 4176 facile
646 4107 843 4173 subauditur.
879 4109 911 4172 in
931 4129 1060 4172 censum
1080 4109 1224 4173 veniunt:
