2782 4776
700 357 917 417 ,16-

278 538 308 616 9,
334 538 369 597 3;
403 553 462 617 „ne
489 536 525 594 tu
555 530 660 615 pusilli
690 531 785 595 animi
810 552 843 595 es
867 536 900 594 et
924 530 1052 595 sordide
1076 552 1109 596 se
1134 532 1342 614 consolantis,

278 640 304 703 si
333 638 406 702 ideo
433 637 467 701 id
496 636 623 701 fortiter
650 637 784 721 pateris,
819 637 895 720 quia
923 637 1053 701 Romuli
1082 659 1190 702 casam
1222 640 1342 703 nosti“.

277 744 308 808 d.
332 745 407 808 XII
433 748 483 826 12,
502 749 535 807 7;
570 744 773 829 „indignetur
800 743 872 807 exul
896 743 1016 826 aliquid
1040 744 1100 808 sibi
1123 744 1244 829 deesse,
1270 768 1343 811 cum

277 851 414 917 defuerit
426 849 570 935 Scipioni
582 850 651 933 dos,
668 850 793 933 Regulo
808 851 1055 934 mercennarius
1072 850 1224 918 Menenio
1237 852 1343 935 funus,

276 981 348 1024 cum
373 959 517 1024 omnibus
547 957 609 1023 illis
633 959 720 1041 quod
743 958 853 1024 deerat
875 959 948 1024 ideo
970 959 1135 1025 honestius
1159 959 1344 1042 suppletum

277 1067 327 1149 sit,
345 1067 420 1150 quia
435 1065 625 1132 defuerat?“
654 1065 693 1132 de
709 1065 781 1132 ben.
798 1066 854 1130 ΠΙ
871 1071 922 1146 36,
942 1070 976 1130 3:
998 1088 1082 1152 „non
1097 1066 1171 1132 ideo
1187 1068 1343 1149 vicerunt,

277 1174 352 1257 quia
375 1175 641 1258 occupaverunt“.
676 1195 708 1236 n.
733 1195 785 1256 qu.
810 1172 862 1241 IV
884 1173 984 1257 praef.
1009 1177 1045 1237 4:
1077 1173 1233 1256 „fortasse
1258 1175 1344 1239 enim

275 1279 358 1363 ideo,
384 1281 458 1363 quia
480 1285 582 1363 patet,
605 1281 758 1363 petitur“.
783 1302 832 1364 ep.
858 1302 898 1343 m.
924 1285 976 1357 87,
995 1284 1051 1343 22;
1078 1281 1206 1365 „itaque
1222 1281 1344 1345 malum

276 1386 404 1470 quidem
428 1392 477 1452 est
500 1386 699 1468 sacrilegium
723 1392 756 1451 et
779 1386 908 1467 furtum,
945 1387 1001 1452 sed
1032 1387 1115 1470 ideo,
1147 1389 1222 1469 quia
1248 1387 1345 1472 plura

275 1495 359 1559 mala
388 1492 465 1558 fucit
494 1514 590 1576 quam
618 1492 735 1557 bona“.
774 1492 906 1558 eandem
933 1494 1091 1559 rationem
1120 1493 1265 1575 exempla
1295 1516 1344 1559 se·

276 1606 417 1682 quuntur
439 1599 553 1664 haece:
580 1599 610 1663 d.
634 1599 686 1663 ΠΙ
714 1602 763 1682 12,
782 1603 816 1682 6,
851 1599 903 1668 Ν
929 1603 979 1682 10,
1003 1605 1037 1681 8,
1073 1599 1122 1667 Ν
1149 1602 1200 1680 11,
1223 1604 1259 1681 2,
1290 1599 1343 1667 Ν

279 1710 382 1787 11,4,
407 1706 458 1774 VI
481 1708 587 1788 22,1,
611 1705 667 1769 ΙΧ
693 1708 742 1786 11,
762 1711 795 1787 2,
820 1706 857 1770 Χ
882 1711 911 1789 7,
935 1709 969 1788 5,
995 1705 1035 1769 de
1057 1705 1130 1771 ben.
1154 1706 1210 1771 III
1237 1708 1287 1789 19,
1305 1711 1343 1788 4,

275 1811 1343 1896 mmmfflmmfflmmwmmwmm

275 1920 308 1987 V
332 1923 361 1999 5,
387 1923 422 2002 4,
447 1919 496 1986 VI
520 1923 572 1999 23,
597 1921 633 2001 4,
656 1917 727 1986 VH
750 1922 780 2001 4,
807 1923 845 2001 3,
869 1918 1046 2001 71144,
1071 1919 1139 1987 VH
1163 1922 1247 2001 4,4;
1273 1920 1344 1988 VII

277 2023 1343 2109 mmmmuumiumssmmssmm

276 2134 328 2198 ΙΠ
353 2138 382 2214 7,
408 2137 443 2214 2,
478 2132 668 2214 11Ι10,4,
698 2132 749 2200 Ν
773 2137 809 2214 8,
843 2131 892 2200 Ν
918 2135 968 2214 12,
996 2136 1029 2213 1,
1065 2131 1116 2199 VI
1139 2136 1191 2214 26,
1217 2136 1256 2213 4,
1289 2153 1342 2215 ep.

276 2241 1343 2323 memmmmumummmufflm

282 2349 1343 2430 mmmmmmmmmmmmfflm3

280 2456 1081 2536 immmmnmmwmmm.

343 2559 655 2626 Commemoratione
685 2560 815 2644 dignum
846 2564 895 2624 est
925 2560 1011 2642 quod
1039 2560 1071 2623 in
1100 2558 1194 2624 huius
1217 2562 1344 2643 generis

277 2668 429 2750 exemplis
462 2689 527 2732 non
554 2667 642 2732 nulla
673 2672 800 2732 exstant
829 2667 875 2731 114
905 2672 1093 2750 comparata
1126 2671 1163 2730 ut
1193 2667 1343 2733 dubitare

276 2776 379 2861 possis
402 2781 510 2840 utrum
537 2775 648 2861 „ideo“
674 2795 736 2839 vox
759 2774 801 2839 ad
823 2774 933 2857 priora
955 2774 1056 2856 magis
1080 2779 1202 2857 spectet
1231 2795 1272 2840 an
1301 2774 1342 2840 ad

275 2876 452 2947 membrum
482 2882 569 2965 quod
592 2881 748 2946 subicitur
777 2903 797 2946 4
822 2881 934 2966 ,44141
962 2902 1160 2966 suspensum.
1197 2881 1342 2947 conferas

275 2989 368 3054 velim
392 2988 423 3054 d.
446 2987 465 3052 Ι
489 2992 519 3070 5,
546 2992 564 3050 7
576 3009 582 3051 :
620 2985 707 3073 „feta
734 3008 791 3053 nos
823 2988 945 3053 ducunt
976 2993 1009 3053 41
1040 2993 1193 3070 quantum
1227 2988 1342 3072 cuique

275 3095 431 3178 temporis
453 3096 563 3173 restat,
594 3094 698 3177 prima
720 3095 919 3160 nascentium
940 3095 1022 3159 hora
1045 3094 1211 3177 disposuit.
1244 3115 1342 3158 causa

275 3202 395 3284 pendet
419 3223 458 3267 ex
481 3221 586 3267 causa.
617 3203 742 3285 privata
768 3222 807 3265 44
834 3199 962 3284 publica
990 3199 1105 3283 longus
1129 3199 1209 3265 ordo
1233 3221 1342 3265 rerum

275 3307 388 3373 trahit:
419 3308 493 3373 ideo
516 3307 645 3373 fortiter
669 3327 762 3371 omne
789 3305 978 3389 patiendum
1009 3312 1066 3388 est,
1096 3307 1171 3389 quia
1200 3327 1277 3389 non,
1305 3310 1341 3370 ut

275 3419 436 3497 putamus,
460 3413 604 3479 incidunt
621 3418 746 3495 cuncta,
764 3411 820 3477 sed
835 3412 994 3478 veniunt.“
1022 3411 1061 3477 de
1076 3412 1149 3477 ben.
1165 3411 1217 3481 Ν
1236 3415 1287 3494 34,
1305 3416 1339 3475 4:

279 3526 439 3605 „ceterum
463 3523 520 3605 (sc.
546 3519 684 3603 sapiens)
715 3519 757 3583 ad
787 3517 893 3584 omnia
922 3539 992 3582 cum
1022 3519 1210 3601 exceptione
1240 3519 1338 3583 venit:

280 3628 327 3710 „si
339 3627 417 3692 nihil
427 3626 585 3708 inciderit,
602 3626 689 3709 quod
701 3625 885 3709 impediet‘.
909 3624 982 3689 ideo
997 3625 1103 3689 omnia
1113 3624 1158 3688 illi
1170 3625 1340 3690 succedere

276 3732 409 3796 dicimus
434 3738 466 3797 et
493 3732 571 3797 nihil
602 3737 717 3798 contre
746 3732 928 3815 opinionem
959 3731 1115 3811 accidere,
1148 3731 1221 3814 quia
1252 3753 1342 3815 prae-

276 3839 372 3902 sumit
405 3839 510 3903 441144
543 3860 639 3921 posse
673 3839 792 3921 aliquid
823 3838 1024 3919 intervenire,
1061 3837 1148 3921 quod
1181 3836 1342 3903 destinata

275 3945 475 4027 4141115441.α
501 3944 585 4010 idem
608 3944 694 4010 cedit
716 3946 749 4008 in
773 3944 803 4008 d.
827 3946 883 4010 ΙΠ
907 3951 936 4029 6,
953 3949 990 4028 4,
1015 3945 1055 4009 dc
1078 3945 1150 4010 ben.
1170 3943 1208 4008 Π
1232 3948 1285 4027 21,
1305 3949 1341 4024 3,

276 4052 330 4116 ΠΙ
348 4057 377 4134 7,
396 4055 429 4132 5,
455 4051 555 4132 VH,
575 4056 611 4133 5,
634 4074 666 4116 n.
684 4074 736 4134 qu.
753 4052 808 4115 HI
825 4058 854 4132 5,
874 4058 911 4134 2,
936 4052 1005 4119 VH
1024 4055 1074 4133 12,
1091 4055 1129 4132 4,
1146 4050 1215 4117 VII
1234 4054 1286 4133 21,
1308 4055 1341 4132 1,
