<?xml version="1.0" encoding="UTF-8"?>
<!DOCTYPE html PUBLIC "-//W3C//DTD XHTML 1.0 Transitional//EN"
    "http://www.w3.org/TR/xhtml1/DTD/xhtml1-transitional.dtd">
<html xmlns="http://www.w3.org/1999/xhtml" xml:lang="en" lang="en">
 <head>
  <title>
</title>
<meta http-equiv="Content-Type" content="text/html;charset=utf-8" />
  <meta name='ocr-system' content='tesseract 3.04.00' />
  <meta name='ocr-capabilities' content='ocr_page ocr_carea ocr_par ocr_line ocrx_word'/>
</head>
<body>
  <div class='ocr_page' id='page_1' title='image "./observationesan01rieggoog_0057.png"; bbox 0 0 2782 4776; ppageno 0'>
   <div class='ocr_carea' id='block_1_1' title="bbox 686 458 904 518">
    <p class='ocr_par' dir='ltr' id='par_1_1' title="bbox 686 458 904 518">
     <span class='ocr_line' id='line_1_1' title="bbox 686 458 904 518; baseline 0.005 -16"><span class='ocrx_word' id='word_1_1' title='bbox 686 458 904 518; x_wconf 70' lang='lat'>..54-</span> 
     </span>
    </p>
   </div>
   <div class='ocr_carea' id='block_1_2' title="bbox 179 632 1335 3499">
    <p class='ocr_par' dir='ltr' id='par_1_2' title="bbox 263 632 1335 1574">
     <span class='ocr_line' id='line_1_2' title="bbox 265 632 1335 716; baseline 0.001 -21"><span class='ocrx_word' id='word_1_2' title='bbox 265 637 400 714; x_wconf 88' lang='lat' dir='ltr'>spectat.</span> <span class='ocrx_word' id='word_1_3' title='bbox 435 632 492 696; x_wconf 90' lang='lat' dir='ltr'>sed</span> <span class='ocrx_word' id='word_1_4' title='bbox 515 632 563 696; x_wconf 91' lang='lat' dir='ltr'>his</span> <span class='ocrx_word' id='word_1_5' title='bbox 585 633 662 714; x_wconf 92' lang='lat' dir='ltr'>ipsis</span> <span class='ocrx_word' id='word_1_6' title='bbox 689 634 857 716; x_wconf 84' lang='lat' dir='ltr'>,quoniam</span> <span class='ocrx_word' id='word_1_7' title='bbox 874 682 880 696; x_wconf 93' lang='lat'><strong>.</strong></span> <span class='ocrx_word' id='word_1_8' title='bbox 897 683 902 696; x_wconf 94' lang='lat'><em>.</em></span> <span class='ocrx_word' id='word_1_9' title='bbox 919 683 924 694; x_wconf 92' lang='lat'>.</span> <span class='ocrx_word' id='word_1_10' title='bbox 942 633 1085 698; x_wconf 71' lang='grc' dir='ltr'>11116161α</span> <span class='ocrx_word' id='word_1_11' title='bbox 1109 634 1335 715; x_wconf 84' lang='lat' dir='ltr'>inexspectato</span> 
     </span>
     <span class='ocr_line' id='line_1_3' title="bbox 264 738 1334 822; baseline 0.002 -19"><span class='ocrx_word' id='word_1_12' title='bbox 264 739 462 822; x_wconf 80' lang='lat' dir='ltr'>interpositis</span> <span class='ocrx_word' id='word_1_13' title='bbox 492 739 525 803; x_wconf 95' lang='lat' dir='ltr'>id</span> <span class='ocrx_word' id='word_1_14' title='bbox 553 738 651 803; x_wconf 88' lang='lat' dir='ltr'>efficit</span> <span class='ocrx_word' id='word_1_15' title='bbox 681 742 829 822; x_wconf 80' lang='lat' dir='ltr'>scriptor,</span> <span class='ocrx_word' id='word_1_16' title='bbox 861 746 897 804; x_wconf 95' lang='lat' dir='ltr'>ut</span> <span class='ocrx_word' id='word_1_17' title='bbox 928 762 1024 822; x_wconf 90' lang='lat' dir='ltr'>quam</span> <span class='ocrx_word' id='word_1_18' title='bbox 1053 741 1148 805; x_wconf 90' lang='lat' dir='ltr'>inane</span> <span class='ocrx_word' id='word_1_19' title='bbox 1176 741 1218 804; x_wconf 92' lang='lat' dir='ltr'>sit</span> <span class='ocrx_word' id='word_1_20' title='bbox 1240 741 1334 805; x_wconf 87' lang='lat' dir='ltr'>istius</span> 
     </span>
     <span class='ocr_line' id='line_1_4' title="bbox 264 846 1333 929; baseline 0.003 -19"><span class='ocrx_word' id='word_1_21' title='bbox 264 846 352 911; x_wconf 89' lang='lat' dir='ltr'>modi</span> <span class='ocrx_word' id='word_1_22' title='bbox 375 847 501 928; x_wconf 86' lang='lat' dir='ltr'>donum,</span> <span class='ocrx_word' id='word_1_23' title='bbox 531 868 595 928; x_wconf 88' lang='lat' dir='ltr'>quo</span> <span class='ocrx_word' id='word_1_24' title='bbox 620 868 696 911; x_wconf 90' lang='lat' dir='ltr'>arca</span> <span class='ocrx_word' id='word_1_25' title='bbox 718 848 898 929; x_wconf 83' lang='lat' dir='ltr'>impleatur,</span> <span class='ocrx_word' id='word_1_26' title='bbox 923 869 962 912; x_wconf 92' lang='lat' dir='ltr'>eo</span> <span class='ocrx_word' id='word_1_27' title='bbox 985 847 1176 912; x_wconf 87' lang='lat' dir='ltr'>luculentius</span> <span class='ocrx_word' id='word_1_28' title='bbox 1199 847 1333 913; x_wconf 91' lang='lat' dir='ltr'>demon·</span> 
     </span>
     <span class='ocr_line' id='line_1_5' title="bbox 264 952 1333 1037; baseline 0.002 -22"><span class='ocrx_word' id='word_1_29' title='bbox 264 958 355 1016; x_wconf 90' lang='lat' dir='ltr'>stret.</span> <span class='ocrx_word' id='word_1_30' title='bbox 389 952 531 1018; x_wconf 86' lang='lat' dir='ltr'>similiter</span> <span class='ocrx_word' id='word_1_31' title='bbox 554 975 605 1017; x_wconf 89' lang='lat' dir='ltr'>res</span> <span class='ocrx_word' id='word_1_32' title='bbox 629 975 663 1019; x_wconf 89' lang='lat' dir='ltr'>se</span> <span class='ocrx_word' id='word_1_33' title='bbox 687 953 784 1018; x_wconf 87' lang='lat' dir='ltr'>habet</span> <span class='ocrx_word' id='word_1_34' title='bbox 807 954 846 1019; x_wconf 94' lang='lat' dir='ltr'>de</span> <span class='ocrx_word' id='word_1_35' title='bbox 870 953 942 1019; x_wconf 87' lang='lat' dir='ltr'>ben.</span> <span class='ocrx_word' id='word_1_36' title='bbox 958 954 1006 1022; x_wconf 90' lang='lat' dir='ltr'>IV</span> <span class='ocrx_word' id='word_1_37' title='bbox 1034 959 1085 1036; x_wconf 77' lang='lat'>32,</span> <span class='ocrx_word' id='word_1_38' title='bbox 1111 959 1146 1017; x_wconf 76' lang='lat'>2:</span> <span class='ocrx_word' id='word_1_39' title='bbox 1174 959 1333 1037; x_wconf 80' lang='lat' dir='ltr'>„regnent</span> 
     </span>
     <span class='ocr_line' id='line_1_6' title="bbox 263 1056 1335 1145; baseline 0.002 -23"><span class='ocrx_word' id='word_1_40' title='bbox 263 1059 305 1140; x_wconf 89' lang='lat' dir='ltr'>hi,</span> <span class='ocrx_word' id='word_1_41' title='bbox 329 1061 404 1142; x_wconf 90' lang='lat' dir='ltr'>quia</span> <span class='ocrx_word' id='word_1_42' title='bbox 427 1060 597 1125; x_wconf 89' lang='lat' dir='ltr'>virbonus</span> <span class='ocrx_word' id='word_1_43' title='bbox 621 1061 749 1143; x_wconf 88' lang='lat' dir='ltr'>quidam</span> <span class='ocrx_word' id='word_1_44' title='bbox 773 1067 848 1126; x_wconf 90' lang='lat' dir='ltr'>ante</span> <span class='ocrx_word' id='word_1_45' title='bbox 872 1083 1011 1143; x_wconf 87' lang='lat' dir='ltr'>proavus</span> <span class='ocrx_word' id='word_1_46' title='bbox 1041 1083 1150 1126; x_wconf 87' lang='lat' dir='ltr'>eorum</span> <span class='ocrx_word' id='word_1_47' title='bbox 1178 1061 1251 1142; x_wconf 86' lang='lat' dir='ltr'>fuit,</span> <span class='ocrx_word' id='word_1_48' title='bbox 1276 1056 1335 1145; x_wconf 49' lang='lat' dir='ltr'>qui¹</span> 
     </span>
     <span class='ocr_line' id='line_1_7' title="bbox 263 1167 1329 1250; baseline -0.002 -18"><span class='ocrx_word' id='word_1_49' title='bbox 263 1168 403 1232; x_wconf 88' lang='lat' dir='ltr'>animum</span> <span class='ocrx_word' id='word_1_50' title='bbox 427 1189 524 1250; x_wconf 88' lang='lat' dir='ltr'>supra</span> <span class='ocrx_word' id='word_1_51' title='bbox 546 1167 708 1232; x_wconf 79' lang='lat' dir='ltr'>fortunam</span> <span class='ocrx_word' id='word_1_52' title='bbox 733 1169 849 1250; x_wconf 82' lang='lat' dir='ltr'>gessit,</span> <span class='ocrx_word' id='word_1_53' title='bbox 882 1169 990 1250; x_wconf 90' lang='lat' dir='ltr'>quiin</span> <span class='ocrx_word' id='word_1_54' title='bbox 1014 1168 1212 1232; x_wconf 81' lang='lat' dir='ltr'>dissensione</span> <span class='ocrx_word' id='word_1_55' title='bbox 1236 1168 1329 1247; x_wconf 88' lang='lat' dir='ltr'>civili,</span> 
     </span>
     <span class='ocr_line' id='line_1_8' title="bbox 263 1274 1330 1357; baseline 0.002 -20"><span class='ocrx_word' id='word_1_56' title='bbox 263 1276 413 1357; x_wconf 92' lang='lat' dir='ltr'>quoniam</span> <span class='ocrx_word' id='word_1_57' title='bbox 436 1276 481 1339; x_wconf 87' lang='lat' dir='ltr'>ita</span> <span class='ocrx_word' id='word_1_58' title='bbox 505 1274 694 1357; x_wconf 83' lang='lat' dir='ltr'>expediebat</span> <span class='ocrx_word' id='word_1_59' title='bbox 717 1275 941 1357; x_wconf 89' lang='lat' dir='ltr'>reipublicae,</span> <span class='ocrx_word' id='word_1_60' title='bbox 974 1275 1057 1338; x_wconf 85' lang='lat' dir='ltr'>vinci</span> <span class='ocrx_word' id='word_1_61' title='bbox 1085 1296 1181 1357; x_wconf 92' lang='lat' dir='ltr'>quam</span> <span class='ocrx_word' id='word_1_62' title='bbox 1204 1275 1330 1339; x_wconf 91' lang='lat' dir='ltr'>vincere</span> 
     </span>
     <span class='ocr_line' id='line_1_9' title="bbox 263 1382 1331 1467; baseline 0 -21"><span class='ocrx_word' id='word_1_63' title='bbox 263 1384 405 1447; x_wconf 77' lang='lat' dir='ltr'>maluit“.</span> <span class='ocrx_word' id='word_1_64' title='bbox 441 1382 614 1447; x_wconf 85' lang='lat' dir='ltr'>membrum</span> <span class='ocrx_word' id='word_1_65' title='bbox 651 1384 820 1467; x_wconf 84' lang='lat' dir='ltr'>,quoniam</span> <span class='ocrx_word' id='word_1_66' title='bbox 926 1385 971 1446; x_wconf 92' lang='lat' dir='ltr'>rei</span> <span class='ocrx_word' id='word_1_67' title='bbox 999 1382 1165 1467; x_wconf 85' lang='lat' dir='ltr'>publicae“</span> <span class='ocrx_word' id='word_1_68' title='bbox 1199 1403 1331 1448; x_wconf 85' lang='lat' dir='ltr'>causam</span> 
     </span>
     <span class='ocr_line' id='line_1_10' title="bbox 263 1488 1329 1574; baseline -0.002 -20"><span class='ocrx_word' id='word_1_69' title='bbox 263 1491 403 1572; x_wconf 83' lang='lat' dir='ltr'>suggerit</span> <span class='ocrx_word' id='word_1_70' title='bbox 428 1491 592 1554; x_wconf 88' lang='lat' dir='ltr'>enuntiato</span> <span class='ocrx_word' id='word_1_71' title='bbox 624 1491 697 1574; x_wconf 87' lang='lat' dir='ltr'>,qui</span> <span class='ocrx_word' id='word_1_72' title='bbox 800 1490 880 1553; x_wconf 89' lang='lat' dir='ltr'>vinci</span> <span class='ocrx_word' id='word_1_73' title='bbox 910 1511 1006 1572; x_wconf 91' lang='lat' dir='ltr'>quam</span> <span class='ocrx_word' id='word_1_74' title='bbox 1034 1490 1159 1554; x_wconf 89' lang='lat' dir='ltr'>vincere</span> <span class='ocrx_word' id='word_1_75' title='bbox 1182 1488 1329 1552; x_wconf 81' lang='lat' dir='ltr'>maluit“.</span> 
     </span>
    </p>

    <p class='ocr_par' dir='ltr' id='par_1_3' title="bbox 179 1581 1330 1903">
     <span class='ocr_line' id='line_1_11' title="bbox 240 1581 1330 1681; baseline 0 -21"><span class='ocrx_word' id='word_1_76' title='bbox 240 1581 471 1662; x_wconf 51' lang='lat' dir='ltr'>¹collocatione</span> <span class='ocrx_word' id='word_1_77' title='bbox 501 1598 720 1663; x_wconf 84' lang='lat' dir='ltr'>artificiosiore</span> <span class='ocrx_word' id='word_1_78' title='bbox 749 1599 825 1662; x_wconf 91' lang='lat' dir='ltr'>nihil</span> <span class='ocrx_word' id='word_1_79' title='bbox 855 1604 979 1681; x_wconf 88' lang='lat' dir='ltr'>spectat</span> <span class='ocrx_word' id='word_1_80' title='bbox 1003 1596 1168 1679; x_wconf 86' lang='lat' dir='ltr'>Annaeus,</span> <span class='ocrx_word' id='word_1_81' title='bbox 1202 1597 1265 1661; x_wconf 88' lang='lat' dir='ltr'>nisi</span> <span class='ocrx_word' id='word_1_82' title='bbox 1293 1603 1330 1661; x_wconf 94' lang='lat' dir='ltr'>ut</span> 
     </span>
     <span class='ocr_line' id='line_1_12' title="bbox 204 1686 1329 1788; baseline 0.001 -21"><span class='ocrx_word' id='word_1_83' title='bbox 204 1686 207 1692; x_wconf 37' lang='lat'>¹</span> <span class='ocrx_word' id='word_1_84' title='bbox 262 1706 422 1787; x_wconf 84' lang='lat' dir='ltr'>antithesi,</span> <span class='ocrx_word' id='word_1_85' title='bbox 459 1726 554 1787; x_wconf 91' lang='lat' dir='ltr'>quam</span> <span class='ocrx_word' id='word_1_86' title='bbox 588 1705 620 1767; x_wconf 93' lang='grc'>16</span> <span class='ocrx_word' id='word_1_87' title='bbox 654 1706 760 1770; x_wconf 85' lang='lat' dir='ltr'>animo</span> <span class='ocrx_word' id='word_1_88' title='bbox 792 1705 899 1786; x_wconf 89' lang='lat' dir='ltr'>habet,</span> <span class='ocrx_word' id='word_1_89' title='bbox 939 1705 1040 1788; x_wconf 81' lang='lat' dir='ltr'>,vinci</span> <span class='ocrx_word' id='word_1_90' title='bbox 1074 1726 1170 1787; x_wconf 90' lang='lat' dir='ltr'>quam</span> <span class='ocrx_word' id='word_1_91' title='bbox 1202 1705 1329 1769; x_wconf 86' lang='lat' dir='ltr'>vincere</span> 
     </span>
     <span class='ocr_line' id='line_1_13' title="bbox 179 1800 1328 1903; baseline 0 -29"><span class='ocrx_word' id='word_1_92' title='bbox 179 1800 182 1803; x_wconf 22' lang='lat'>¹</span> <span class='ocrx_word' id='word_1_93' title='bbox 233 1825 240 1903; x_wconf 42' lang='lat' dir='ltr'>s</span> <span class='ocrx_word' id='word_1_94' title='bbox 262 1812 391 1875; x_wconf 81' lang='lat' dir='ltr'>maluit“</span> <span class='ocrx_word' id='word_1_95' title='bbox 417 1811 560 1894; x_wconf 82' lang='lat' dir='ltr'>legentes</span> <span class='ocrx_word' id='word_1_96' title='bbox 585 1834 623 1877; x_wconf 89' lang='lat' dir='ltr'>eo</span> <span class='ocrx_word' id='word_1_97' title='bbox 640 1812 752 1876; x_wconf 88' lang='lat' dir='ltr'>fortius</span> <span class='ocrx_word' id='word_1_98' title='bbox 770 1816 978 1877; x_wconf 86' lang='lat' dir='ltr'>commoveat.</span> <span class='ocrx_word' id='word_1_99' title='bbox 1004 1812 1105 1876; x_wconf 88' lang='lat' dir='ltr'>simile</span> <span class='ocrx_word' id='word_1_100' title='bbox 1124 1810 1201 1894; x_wconf 92' lang='lat' dir='ltr'>quid</span> <span class='ocrx_word' id='word_1_101' title='bbox 1218 1811 1328 1875; x_wconf 86' lang='lat' dir='ltr'>obser·</span> 
     </span>
    </p>

    <p class='ocr_par' dir='ltr' id='par_1_4' title="bbox 235 1916 1328 2114">
     <span class='ocr_line' id='line_1_14' title="bbox 235 1916 1328 2010; baseline 0.003 -30"><span class='ocrx_word' id='word_1_102' title='bbox 235 1919 335 2010; x_wconf 67' lang='lat' dir='ltr'>‘aare</span> <span class='ocrx_word' id='word_1_103' title='bbox 360 1919 456 1982; x_wconf 89' lang='lat' dir='ltr'>datur</span> <span class='ocrx_word' id='word_1_104' title='bbox 478 1919 511 1982; x_wconf 91' lang='grc'>16</span> <span class='ocrx_word' id='word_1_105' title='bbox 536 1919 706 1983; x_wconf 84' lang='grc'><strong>6666116116</strong></span> <span class='ocrx_word' id='word_1_106' title='bbox 730 1942 749 1983; x_wconf 88' lang='lat' dir='ltr'>a</span> <span class='ocrx_word' id='word_1_107' title='bbox 775 1919 888 2003; x_wconf 71' lang='grc' dir='ltr'>,11616α</span> <span class='ocrx_word' id='word_1_108' title='bbox 915 1918 1138 2001; x_wconf 90' lang='lat' dir='ltr'>pendentibus.</span> <span class='ocrx_word' id='word_1_109' title='bbox 1163 1916 1220 1981; x_wconf 91' lang='lat' dir='ltr'>sed</span> <span class='ocrx_word' id='word_1_110' title='bbox 1237 1917 1278 1981; x_wconf 90' lang='lat' dir='ltr'>de</span> <span class='ocrx_word' id='word_1_111' title='bbox 1292 1939 1328 1983; x_wconf 90' lang='lat' dir='ltr'>re</span> 
     </span>
     <span class='ocr_line' id='line_1_15' title="bbox 261 2024 1153 2114; baseline -0.001 -27"><span class='ocrx_word' id='word_1_112' title='bbox 261 2046 319 2106; x_wconf 87' lang='lat' dir='ltr'>per</span> <span class='ocrx_word' id='word_1_113' title='bbox 343 2047 376 2089; x_wconf 92' lang='grc'>66</span> <span class='ocrx_word' id='word_1_114' title='bbox 401 2025 487 2089; x_wconf 84' lang='grc'><strong>61616</strong></span> <span class='ocrx_word' id='word_1_115' title='bbox 510 2031 543 2090; x_wconf 87' lang='grc'>61</span> <span class='ocrx_word' id='word_1_116' title='bbox 566 2030 679 2108; x_wconf 87' lang='lat' dir='ltr'>aperta</span> <span class='ocrx_word' id='word_1_117' title='bbox 703 2026 800 2090; x_wconf 92' lang='lat' dir='ltr'>semel</span> <span class='ocrx_word' id='word_1_118' title='bbox 823 2025 983 2114; x_wconf 81' lang='lat' dir='ltr'>monuisse</span> <span class='ocrx_word' id='word_1_119' title='bbox 1007 2024 1153 2089; x_wconf 88' lang='lat' dir='ltr'>sufficiet.</span> 
     </span>
    </p>

    <p class='ocr_par' dir='ltr' id='par_1_5' title="bbox 189 2114 1328 2964">
     <span class='ocr_line' id='line_1_16' title="bbox 327 2114 1327 2216; baseline 0 -22"><span class='ocrx_word' id='word_1_120' title='bbox 327 2131 379 2197; x_wconf 89' lang='lat' dir='ltr'>De</span> <span class='ocrx_word' id='word_1_121' title='bbox 411 2132 581 2197; x_wconf 88' lang='lat' dir='ltr'>modorum</span> <span class='ocrx_word' id='word_1_122' title='bbox 608 2139 682 2214; x_wconf 91' lang='lat' dir='ltr'>post</span> <span class='ocrx_word' id='word_1_123' title='bbox 712 2114 902 2216; x_wconf 72' lang='grc' dir='ltr'>,1166616111ιι</span> <span class='ocrx_word' id='word_1_124' title='bbox 934 2153 993 2195; x_wconf 89' lang='grc'>666</span> <span class='ocrx_word' id='word_1_125' title='bbox 1021 2131 1097 2196; x_wconf 89' lang='lat' dir='ltr'>nihil</span> <span class='ocrx_word' id='word_1_126' title='bbox 1126 2131 1193 2194; x_wconf 89' lang='lat' dir='ltr'>fere</span> <span class='ocrx_word' id='word_1_127' title='bbox 1221 2130 1327 2194; x_wconf 87' lang='lat' dir='ltr'>habeo</span> 
     </span>
     <span class='ocr_line' id='line_1_17' title="bbox 262 2237 1328 2320; baseline -0.002 -18"><span class='ocrx_word' id='word_1_128' title='bbox 262 2239 347 2320; x_wconf 88' lang='lat' dir='ltr'>quod</span> <span class='ocrx_word' id='word_1_129' title='bbox 371 2240 497 2304; x_wconf 90' lang='lat' dir='ltr'>addam.</span> <span class='ocrx_word' id='word_1_130' title='bbox 526 2262 591 2304; x_wconf 89' lang='lat' dir='ltr'>nou</span> <span class='ocrx_word' id='word_1_131' title='bbox 615 2239 721 2305; x_wconf 87' lang='lat' dir='ltr'>differt</span> <span class='ocrx_word' id='word_1_132' title='bbox 745 2238 868 2303; x_wconf 82' lang='lat' dir='ltr'>Seneca</span> <span class='ocrx_word' id='word_1_133' title='bbox 891 2259 1012 2303; x_wconf 89' lang='lat' dir='ltr'>amore</span> <span class='ocrx_word' id='word_1_134' title='bbox 1028 2239 1233 2320; x_wconf 88' lang='lat' dir='ltr'>reliquorum.</span> <span class='ocrx_word' id='word_1_135' title='bbox 1260 2237 1328 2301; x_wconf 92' lang='lat' dir='ltr'>ubi-</span> 
     </span>
     <span class='ocr_line' id='line_1_18' title="bbox 261 2343 1328 2428; baseline 0.002 -19"><span class='ocrx_word' id='word_1_136' title='bbox 261 2367 322 2428; x_wconf 86' lang='lat' dir='ltr'>que</span> <span class='ocrx_word' id='word_1_137' title='bbox 346 2345 443 2428; x_wconf 81' lang='lat' dir='ltr'>igitur</span> <span class='ocrx_word' id='word_1_138' title='bbox 466 2347 669 2411; x_wconf 86' lang='lat' dir='ltr'>indicativum</span> <span class='ocrx_word' id='word_1_139' title='bbox 693 2346 837 2410; x_wconf 89' lang='lat' dir='ltr'>adiunxit</span> <span class='ocrx_word' id='word_1_140' title='bbox 859 2350 988 2428; x_wconf 88' lang='lat' dir='ltr'>praeter</span> <span class='ocrx_word' id='word_1_141' title='bbox 1009 2345 1113 2409; x_wconf 90' lang='lat' dir='ltr'>locum</span> <span class='ocrx_word' id='word_1_142' title='bbox 1130 2343 1169 2408; x_wconf 92' lang='lat' dir='ltr'>de</span> <span class='ocrx_word' id='word_1_143' title='bbox 1185 2343 1259 2408; x_wconf 91' lang='lat' dir='ltr'>ben.</span> <span class='ocrx_word' id='word_1_144' title='bbox 1276 2344 1328 2411; x_wconf 79' lang='lat' dir='ltr'>[V</span> 
     </span>
     <span class='ocr_line' id='line_1_19' title="bbox 261 2451 1328 2535; baseline 0 -20"><span class='ocrx_word' id='word_1_145' title='bbox 261 2458 291 2532; x_wconf 86' lang='lat'>8,</span> <span class='ocrx_word' id='word_1_146' title='bbox 304 2458 337 2515; x_wconf 88' lang='lat'>3:</span> <span class='ocrx_word' id='word_1_147' title='bbox 354 2454 411 2535; x_wconf 86' lang='lat' dir='ltr'>,si,</span> <span class='ocrx_word' id='word_1_148' title='bbox 425 2454 511 2535; x_wconf 90' lang='lat' dir='ltr'>quod</span> <span class='ocrx_word' id='word_1_149' title='bbox 523 2476 542 2517; x_wconf 91' lang='lat' dir='ltr'>a</span> <span class='ocrx_word' id='word_1_150' title='bbox 552 2451 675 2517; x_wconf 84' lang='lat' dir='ltr'>Seneca</span> <span class='ocrx_word' id='word_1_151' title='bbox 685 2454 873 2534; x_wconf 86' lang='lat' dir='ltr'>accepisses,</span> <span class='ocrx_word' id='word_1_152' title='bbox 883 2451 1020 2516; x_wconf 87' lang='lat' dir='ltr'>Annaeo</span> <span class='ocrx_word' id='word_1_153' title='bbox 1030 2457 1063 2515; x_wconf 93' lang='lat' dir='ltr'>te</span> <span class='ocrx_word' id='word_1_154' title='bbox 1074 2451 1191 2515; x_wconf 92' lang='lat' dir='ltr'>debere</span> <span class='ocrx_word' id='word_1_155' title='bbox 1204 2451 1328 2515; x_wconf 89' lang='lat' dir='ltr'>diceres</span> 
     </span>
     <span class='ocr_line' id='line_1_20' title="bbox 260 2557 1326 2640; baseline -0.001 -19"><span class='ocrx_word' id='word_1_156' title='bbox 260 2559 308 2622; x_wconf 83' lang='lat' dir='ltr'>vel</span> <span class='ocrx_word' id='word_1_157' title='bbox 323 2558 434 2640; x_wconf 87' lang='lat' dir='ltr'>Lucio,</span> <span class='ocrx_word' id='word_1_158' title='bbox 461 2582 524 2624; x_wconf 90' lang='lat' dir='ltr'>non</span> <span class='ocrx_word' id='word_1_159' title='bbox 548 2560 739 2624; x_wconf 87' lang='lat' dir='ltr'>creditorem</span> <span class='ocrx_word' id='word_1_160' title='bbox 762 2563 913 2640; x_wconf 88' lang='lat' dir='ltr'>mutares,</span> <span class='ocrx_word' id='word_1_161' title='bbox 938 2557 994 2623; x_wconf 86' lang='grc'><strong>6611</strong></span> <span class='ocrx_word' id='word_1_162' title='bbox 1014 2578 1139 2637; x_wconf 89' lang='lat' dir='ltr'>nomen,</span> <span class='ocrx_word' id='word_1_163' title='bbox 1164 2557 1326 2639; x_wconf 90' lang='lat' dir='ltr'>quoniam,</span> 
     </span>
     <span class='ocr_line' id='line_1_21' title="bbox 189 2665 1326 2748; baseline -0.008 -13"><span class='ocrx_word' id='word_1_164' title='bbox 189 2730 191 2735; x_wconf 90' lang='lat'><em>.</em></span> <span class='ocrx_word' id='word_1_165' title='bbox 240 2668 323 2730; x_wconf 66' lang='lat' dir='ltr'>‘sive</span> <span class='ocrx_word' id='word_1_166' title='bbox 347 2689 542 2748; x_wconf 88' lang='lat' dir='ltr'>praenomen</span> <span class='ocrx_word' id='word_1_167' title='bbox 566 2667 632 2730; x_wconf 91' lang='lat' dir='ltr'>eius</span> <span class='ocrx_word' id='word_1_168' title='bbox 656 2667 720 2730; x_wconf 90' lang='lat' dir='ltr'>sive</span> <span class='ocrx_word' id='word_1_169' title='bbox 743 2688 860 2731; x_wconf 89' lang='lat' dir='ltr'>nomen</span> <span class='ocrx_word' id='word_1_170' title='bbox 885 2666 1018 2729; x_wconf 85' lang='lat' dir='ltr'>dixisses</span> <span class='ocrx_word' id='word_1_171' title='bbox 1042 2665 1105 2728; x_wconf 86' lang='lat' dir='ltr'>sive</span> <span class='ocrx_word' id='word_1_172' title='bbox 1133 2685 1326 2745; x_wconf 83' lang='lat' dir='ltr'>cognomen,</span> 
     </span>
     <span class='ocr_line' id='line_1_22' title="bbox 258 2771 1326 2856; baseline -0.001 -20"><span class='ocrx_word' id='word_1_173' title='bbox 258 2773 342 2838; x_wconf 85' lang='lat' dir='ltr'>idem</span> <span class='ocrx_word' id='word_1_174' title='bbox 366 2780 473 2838; x_wconf 90' lang='lat' dir='ltr'>tamen</span> <span class='ocrx_word' id='word_1_175' title='bbox 496 2775 549 2839; x_wconf 93' lang='lat' dir='ltr'>ille</span> <span class='ocrx_word' id='word_1_176' title='bbox 573 2776 689 2840; x_wconf 78' lang='lat' dir='ltr'>esset“.</span> <span class='ocrx_word' id='word_1_177' title='bbox 729 2795 823 2856; x_wconf 88' lang='lat' dir='ltr'>quem</span> <span class='ocrx_word' id='word_1_178' title='bbox 851 2772 1086 2837; x_wconf 85' lang='lat' dir='ltr'>coniunctivum</span> <span class='ocrx_word' id='word_1_179' title='bbox 1115 2792 1153 2834; x_wconf 87' lang='lat' dir='ltr'>ex</span> <span class='ocrx_word' id='word_1_180' title='bbox 1177 2771 1326 2835; x_wconf 84' lang='lat' dir='ltr'>oratione</span> 
     </span>
     <span class='ocr_line' id='line_1_23' title="bbox 225 2879 1176 2964; baseline -0.003 -21"><span class='ocrx_word' id='word_1_181' title='bbox 225 2928 229 2936; x_wconf 92' lang='lat'>.</span> <span class='ocrx_word' id='word_1_182' title='bbox 259 2882 471 2946; x_wconf 81' lang='lat' dir='ltr'>condicionali</span> <span class='ocrx_word' id='word_1_183' title='bbox 495 2881 716 2964; x_wconf 87' lang='lat' dir='ltr'>explicandum</span> <span class='ocrx_word' id='word_1_184' title='bbox 740 2902 809 2945; x_wconf 84' lang='lat' dir='ltr'>esse</span> <span class='ocrx_word' id='word_1_185' title='bbox 833 2881 989 2944; x_wconf 88' lang='grc'><strong>1166116616</strong></span> <span class='ocrx_word' id='word_1_186' title='bbox 1013 2879 1176 2962; x_wconf 84' lang='lat' dir='ltr'>praeterit.</span> 
     </span>
    </p>

    <p class='ocr_par' dir='ltr' id='par_1_6' title="bbox 257 2984 1325 3499">
     <span class='ocr_line' id='line_1_24' title="bbox 325 2984 1325 3070; baseline -0.003 -20"><span class='ocrx_word' id='word_1_187' title='bbox 325 2987 471 3070; x_wconf 88' lang='lat' dir='ltr'>Denique</span> <span class='ocrx_word' id='word_1_188' title='bbox 504 2988 585 3053; x_wconf 90' lang='lat' dir='ltr'>scire</span> <span class='ocrx_word' id='word_1_189' title='bbox 618 2988 710 3052; x_wconf 86' lang='lat' dir='ltr'>velim</span> <span class='ocrx_word' id='word_1_190' title='bbox 742 2988 878 3052; x_wconf 87' lang='lat' dir='ltr'>lectores</span> <span class='ocrx_word' id='word_1_191' title='bbox 910 2986 949 3049; x_wconf 92' lang='lat' dir='ltr'>de</span> <span class='ocrx_word' id='word_1_192' title='bbox 977 2986 1049 3050; x_wconf 92' lang='lat' dir='ltr'>ben.</span> <span class='ocrx_word' id='word_1_193' title='bbox 1074 2984 1124 3052; x_wconf 89' lang='lat' dir='ltr'>VI</span> <span class='ocrx_word' id='word_1_194' title='bbox 1148 2989 1177 3065; x_wconf 84' lang='lat'>9,</span> <span class='ocrx_word' id='word_1_195' title='bbox 1203 2988 1233 3064; x_wconf 77' lang='lat'>2,</span> <span class='ocrx_word' id='word_1_196' title='bbox 1259 3005 1325 3065; x_wconf 92' lang='lat' dir='ltr'>quo</span> 
     </span>
     <span class='ocr_line' id='line_1_25' title="bbox 257 3091 1324 3176; baseline -0.003 -19"><span class='ocrx_word' id='word_1_197' title='bbox 257 3095 330 3158; x_wconf 90' lang='lat' dir='ltr'>loco</span> <span class='ocrx_word' id='word_1_198' title='bbox 363 3095 534 3159; x_wconf 80' lang='lat' dir='ltr'>Fickertus</span> <span class='ocrx_word' id='word_1_199' title='bbox 570 3101 602 3159; x_wconf 91' lang='grc'>61</span> <span class='ocrx_word' id='word_1_200' title='bbox 636 3094 777 3159; x_wconf 87' lang='lat' dir='ltr'>Haasius</span> <span class='ocrx_word' id='word_1_201' title='bbox 813 3094 981 3176; x_wconf 87' lang='lat' dir='ltr'>praebent:</span> <span class='ocrx_word' id='word_1_202' title='bbox 1020 3112 1098 3175; x_wconf 85' lang='lat' dir='ltr'>,nec</span> <span class='ocrx_word' id='word_1_203' title='bbox 1131 3091 1180 3154; x_wconf 90' lang='lat' dir='ltr'>his</span> <span class='ocrx_word' id='word_1_204' title='bbox 1214 3095 1324 3155; x_wconf 88' lang='lat' dir='ltr'>tamen</span> 
     </span>
     <span class='ocr_line' id='line_1_26' title="bbox 258 3196 1324 3285; baseline -0.002 -21"><span class='ocrx_word' id='word_1_205' title='bbox 258 3201 443 3266; x_wconf 84' lang='lat' dir='ltr'>beneficium</span> <span class='ocrx_word' id='word_1_206' title='bbox 468 3202 630 3283; x_wconf 90' lang='lat' dir='ltr'>debemus,</span> <span class='ocrx_word' id='word_1_207' title='bbox 662 3203 812 3285; x_wconf 87' lang='lat' dir='ltr'>quoniam</span> <span class='ocrx_word' id='word_1_208' title='bbox 844 3207 936 3265; x_wconf 86' lang='lat' dir='ltr'>extra</span> <span class='ocrx_word' id='word_1_209' title='bbox 959 3221 1085 3264; x_wconf 90' lang='lat' dir='ltr'>sensum</span> <span class='ocrx_word' id='word_1_210' title='bbox 1111 3196 1205 3262; x_wconf 86' lang='lat' dir='ltr'>officii</span> <span class='ocrx_word' id='word_1_211' title='bbox 1230 3219 1324 3262; x_wconf 87' lang='lat' dir='ltr'>casus</span> 
     </span>
     <span class='ocr_line' id='line_1_27' title="bbox 258 3303 1324 3393; baseline -0.004 -20"><span class='ocrx_word' id='word_1_212' title='bbox 258 3311 338 3389; x_wconf 61' lang='grc'><strong>6611,</strong></span> <span class='ocrx_word' id='word_1_213' title='bbox 364 3331 380 3373; x_wconf 91' lang='grc'>6</span> <span class='ocrx_word' id='word_1_214' title='bbox 404 3309 514 3374; x_wconf 91' lang='lat' dir='ltr'>codice</span> <span class='ocrx_word' id='word_1_215' title='bbox 538 3309 570 3373; x_wconf 89' lang='lat' dir='ltr'>N</span> <span class='ocrx_word' id='word_1_216' title='bbox 596 3310 709 3393; x_wconf 71' lang='grc' dir='ltr'>,(1616α</span> <span class='ocrx_word' id='word_1_217' title='bbox 736 3309 919 3373; x_wconf 87' lang='lat' dir='ltr'>restitutum</span> <span class='ocrx_word' id='word_1_218' title='bbox 944 3328 1013 3371; x_wconf 90' lang='lat' dir='ltr'>esse</span> <span class='ocrx_word' id='word_1_219' title='bbox 1030 3328 1049 3370; x_wconf 92' lang='lat' dir='ltr'>a</span> <span class='ocrx_word' id='word_1_220' title='bbox 1065 3303 1209 3387; x_wconf 85' lang='lat' dir='ltr'>Gertzio,</span> <span class='ocrx_word' id='word_1_221' title='bbox 1234 3304 1324 3387; x_wconf 93' lang='lat' dir='ltr'>quod</span> 
     </span>
     <span class='ocr_line' id='line_1_28' title="bbox 257 3415 994 3499; baseline -0.001 -21"><span class='ocrx_word' id='word_1_222' title='bbox 257 3438 352 3498; x_wconf 87' lang='lat' dir='ltr'>quam</span> <span class='ocrx_word' id='word_1_223' title='bbox 375 3424 463 3481; x_wconf 88' lang='lat' dir='ltr'>recte</span> <span class='ocrx_word' id='word_1_224' title='bbox 488 3439 522 3481; x_wconf 90' lang='grc'>66</span> <span class='ocrx_word' id='word_1_225' title='bbox 546 3417 716 3481; x_wconf 80' lang='lat' dir='ltr'>habeatis</span> <span class='ocrx_word' id='word_1_226' title='bbox 741 3415 910 3499; x_wconf 89' lang='lat' dir='ltr'>propatulo</span> <span class='ocrx_word' id='word_1_227' title='bbox 936 3420 994 3478; x_wconf 89' lang='lat' dir='ltr'>est.</span> 
     </span>
    </p>
   </div>
   <div class='ocr_carea' id='block_1_3' title="bbox 688 3575 892 3765">
    <p class='ocr_par' dir='ltr' id='par_1_7' title="bbox 688 3575 892 3765">
     <span class='ocr_line' id='line_1_29' title="bbox 688 3575 892 3765; baseline -0.01 -18"><span class='ocrx_word' id='word_1_228' title='bbox 688 3575 850 3765; x_wconf 52' lang='lat' dir='ltr'>QuSa‡·d</span> <span class='ocrx_word' id='word_1_229' title='bbox 862 3704 892 3746; x_wconf 83' lang='lat' dir='ltr'>o.</span> 
     </span>
    </p>
   </div>
   <div class='ocr_carea' id='block_1_4' title="bbox 254 3823 1322 4014">
    <p class='ocr_par' dir='ltr' id='par_1_8' title="bbox 254 3823 1322 4014">
     <span class='ocr_line' id='line_1_30' title="bbox 326 3823 1322 3909; baseline -0.001 -21"><span class='ocrx_word' id='word_1_230' title='bbox 326 3824 500 3909; x_wconf 61' lang='grc' dir='ltr'>,11666116ιι</span> <span class='ocrx_word' id='word_1_231' title='bbox 527 3827 686 3909; x_wconf 88' lang='lat' dir='ltr'>particula</span> <span class='ocrx_word' id='word_1_232' title='bbox 709 3826 845 3890; x_wconf 91' lang='lat' dir='ltr'>causalis</span> <span class='ocrx_word' id='word_1_233' title='bbox 868 3826 953 3907; x_wconf 88' lang='lat' dir='ltr'>apud</span> <span class='ocrx_word' id='word_1_234' title='bbox 975 3824 1130 3889; x_wconf 82' lang='lat' dir='ltr'>Senecam</span> <span class='ocrx_word' id='word_1_235' title='bbox 1154 3823 1322 3905; x_wconf 86' lang='lat' dir='ltr'>quinquies</span> 
     </span>
     <span class='ocr_line' id='line_1_31' title="bbox 254 3930 1211 4014; baseline -0.003 -18"><span class='ocrx_word' id='word_1_236' title='bbox 254 3938 380 3997; x_wconf 88' lang='lat' dir='ltr'>tantum</span> <span class='ocrx_word' id='word_1_237' title='bbox 405 3954 505 4014; x_wconf 82' lang='lat' dir='ltr'>caque</span> <span class='ocrx_word' id='word_1_238' title='bbox 530 3957 600 3997; x_wconf 88' lang='lat' dir='ltr'>eum</span> <span class='ocrx_word' id='word_1_239' title='bbox 624 3933 795 3998; x_wconf 83' lang='lat' dir='ltr'>indicativo</span> <span class='ocrx_word' id='word_1_240' title='bbox 820 3934 989 3996; x_wconf 89' lang='lat' dir='ltr'>coniuncta</span> <span class='ocrx_word' id='word_1_241' title='bbox 1012 3930 1211 4013; x_wconf 87' lang='lat' dir='ltr'>invenitur¹).</span> 
     </span>
    </p>
   </div>
   <div class='ocr_carea' id='block_1_5' title="bbox 255 4090 1320 4253">
    <p class='ocr_par' dir='ltr' id='par_1_9' title="bbox 255 4090 1320 4253">
     <span class='ocr_line' id='line_1_32' title="bbox 327 4090 1320 4164; baseline -0.005 -17"><span class='ocrx_word' id='word_1_242' title='bbox 327 4093 347 4164; x_wconf 87' lang='lat'>¹)</span> <span class='ocrx_word' id='word_1_243' title='bbox 370 4094 520 4162; x_wconf 65' lang='grc' dir='ltr'>,1111611116α</span> <span class='ocrx_word' id='word_1_244' title='bbox 542 4095 677 4162; x_wconf 87' lang='lat' dir='ltr'>particula</span> <span class='ocrx_word' id='word_1_245' title='bbox 696 4096 851 4164; x_wconf 87' lang='lat' dir='ltr'>composita</span> <span class='ocrx_word' id='word_1_246' title='bbox 869 4098 919 4161; x_wconf 89' lang='lat' dir='ltr'>cst,</span> <span class='ocrx_word' id='word_1_247' title='bbox 939 4094 960 4146; x_wconf 91' lang='lat' dir='ltr'>si</span> <span class='ocrx_word' id='word_1_248' title='bbox 975 4091 1158 4147; x_wconf 83' lang='lat' dir='ltr'>Solimalzium</span> <span class='ocrx_word' id='word_1_249' title='bbox 1176 4091 1194 4144; x_wconf 91' lang='lat' dir='ltr'>l.</span> <span class='ocrx_word' id='word_1_250' title='bbox 1207 4091 1226 4143; x_wconf 91' lang='lat' dir='ltr'>l.</span> <span class='ocrx_word' id='word_1_251' title='bbox 1239 4090 1255 4159; x_wconf 80' lang='lat' dir='ltr'>S</span> <span class='ocrx_word' id='word_1_252' title='bbox 1268 4092 1320 4143; x_wconf 74' lang='lat'>266</span> 
     </span>
     <span class='ocr_line' id='line_1_33' title="bbox 255 4179 1319 4253; baseline -0.006 -15"><span class='ocrx_word' id='word_1_253' title='bbox 255 4185 400 4253; x_wconf 87' lang='lat' dir='ltr'>sequimur,</span> <span class='ocrx_word' id='word_1_254' title='bbox 426 4203 459 4238; x_wconf 85' lang='lat' dir='ltr'>ex</span> <span class='ocrx_word' id='word_1_255' title='bbox 482 4187 593 4253; x_wconf 80' lang='lat' dir='ltr'>„quam“</span> <span class='ocrx_word' id='word_1_256' title='bbox 616 4189 644 4238; x_wconf 89' lang='lat' dir='ltr'>et</span> <span class='ocrx_word' id='word_1_257' title='bbox 662 4203 730 4240; x_wconf 87' lang='lat' dir='ltr'>voce</span> <span class='ocrx_word' id='word_1_258' title='bbox 749 4185 876 4240; x_wconf 90' lang='lat' dir='ltr'>enclitica</span> <span class='ocrx_word' id='word_1_259' title='bbox 898 4184 974 4251; x_wconf 83' lang='lat' dir='ltr'>„do“.</span> <span class='ocrx_word' id='word_1_260' title='bbox 1013 4181 1131 4238; x_wconf 86' lang='lat' dir='ltr'>Scherer</span> <span class='ocrx_word' id='word_1_261' title='bbox 1157 4180 1187 4235; x_wconf 90' lang='lat' dir='ltr'>in</span> <span class='ocrx_word' id='word_1_262' title='bbox 1214 4179 1319 4246; x_wconf 84' lang='lat' dir='ltr'>libelle,</span> 
     </span>
    </p>
   </div>
   <div class='ocr_carea' id='block_1_6' title="bbox 0 0 1396 4776">
    <p class='ocr_par' dir='ltr' id='par_1_10' title="bbox 0 0 1396 4776">
     <span class='ocr_line' id='line_1_34' title="bbox 0 0 1396 4776; baseline 0 3"><span class='ocrx_word' id='word_1_263' title='bbox 0 0 1396 4776; x_wconf 95' lang='lat' dir='ltr'> </span> 
     </span>
    </p>
   </div>
  </div>
 </body>
</html>
