2782 4776
314 919 491 1016 INDEX
525 919 931 1020 GRAMMATIOVS

84 1281 229 1349 anaphora
248 1279 290 1332 29.
310 1281 352 1333 30.
371 1280 405 1332 44
648 1278 727 1346 quia
745 1281 806 1332 7ss.

83 1370 240 1439 asyndeton
261 1369 291 1421 17
682 1368 749 1436 quic
784 1372 891 1436 spectat
924 1371 960 1424 ad
990 1373 1153 1430 correlative

82 1459 208 1514 brevitas
228 1457 262 1510 50
755 1459 788 1510 15
802 1475 835 1510 ss.

83 1565 169 1602 causa
187 1547 267 1600 realis
287 1545 312 1600 8.
330 1544 365 1600 38
719 1561 749 1600 ec
766 1547 853 1616 macic
866 1544 908 1601 l..
928 1551 996 1615 quia
1016 1551 1049 1603 19

83 1654 168 1691 causa
185 1652 298 1688 movens
317 1634 342 1686 8.
361 1633 396 1687 38
717 1634 767 1688 hoc
784 1635 904 1704 ipsc...
925 1639 991 1703 quio
1013 1640 1072 1691 18s.

83 1725 232 1779 collocatio
252 1724 398 1776 verborum
417 1720 592 1776 artificiosior
717 1723 778 1778 ideo
865 1727 930 1794 quia
950 1726 983 1777 15
995 1743 1015 1778 s.

121 1816 187 1867 53s.
716 1811 1152 1884 nonobaliud...quomquial8

82 1903 273 1956 coniunctivus
289 1905 353 1969 post
372 1917 425 1954 aaa
444 1901 510 1970 quio
527 1899 561 1954 23
570 1918 591 1954 s.
715 1915 771 1953 non
786 1901 819 1954 ob
835 1901 921 1957 aliam
937 1919 1057 1969 musam,
1070 1923 1152 1974 quum

82 1987 591 2057 coniunctivaepostverbaaffeetuum
786 1992 853 2058 quia
872 1992 906 2043 18

119 2081 153 2132 41
165 2097 198 2132 ss.
715 2078 748 2133 ob
767 2079 816 2134 hoc
901 2082 967 2149 quia
987 2082 1020 2134 18

81 2168 272 2222 coniunctivus
282 2171 346 2234 post
356 2166 441 2220 verba
450 2165 589 2232 laudandi,
714 2169 745 2222 ob
764 2169 814 2223 hoc
830 2171 921 2236 ipsum
942 2208 989 2223 ...
1010 2176 1077 2240 quio
1096 2173 1130 2225 18

118 2255 338 2325 reprehendendi
356 2257 392 2307 44
714 2258 745 2311 ob
776 2258 878 2312 nullam
913 2258 996 2312 aliam
1030 2274 1149 2328 causam,

80 2346 271 2401 coniunctivus
297 2348 362 2412 post
384 2344 500 2399 verbum
528 2360 587 2399 con·
785 2362 868 2416 quom
885 2347 950 2415 quia
970 2349 1003 2400 18

118 2436 194 2505 queri
213 2434 356 2487 restitutus
374 2435 410 2486 47
678 2448 733 2486 noa
751 2438 884 2504 quio...
902 2436 949 2490 sed
967 2437 1035 2506 quia
1055 2438 1088 2490 19
1096 2456 1131 2493 ss.

79 2524 269 2578 coniunctivus
294 2527 359 2590 post
376 2539 430 2577 aon
450 2528 488 2578 est
508 2523 587 2590 quod,
678 2538 733 2576 aon
750 2524 816 2592 quio
903 2524 950 2578 sed
972 2526 1039 2593 quia
1124 2533 1150 2583 et

116 2612 292 2680 ketenpeunt,
311 2613 428 2679 quidest
441 2613 589 2679 quod44s.
749 2618 781 2667 ut
798 2612 831 2664 21

78 2702 269 2756 coniunctivus
292 2704 357 2769 post
378 2717 434 2756 aon
457 2702 528 2768 quod
553 2703 589 2755 45
677 2717 732 2754 noa
751 2701 818 2769 quic
836 2743 842 2756 .
857 2742 882 2757 ..
901 2701 948 2757 aed
965 2703 1001 2756 24

79 2791 269 2845 coniunctivus
287 2794 351 2858 post
370 2791 500 2857 quoniam
518 2792 554 2843 54
678 2805 733 2844 noa
752 2790 819 2860 quia
837 2832 843 2845 .
859 2833 884 2846 ..
904 2790 951 2845 sed
968 2799 1000 2846 ut
1018 2793 1054 2845 24

78 2879 244 2933 correlative
259 2878 421 2933 16162981.
439 2880 588 2934 3911521.
678 2894 732 2932 non
751 2880 819 2948 quic
838 2920 886 2934 ...
904 2880 952 2935 aed
969 2897 1002 2935 ae
1020 2883 1056 2934 24

78 2967 243 3022 correlativa
262 2967 361 3021 omissa
380 2969 414 3020 32
424 2986 458 3022 ss.
679 2983 734 3021 non
752 2969 820 3035 quia
839 3008 887 3023 ...
905 2968 953 3023 aed
969 2970 1000 3023 in
1020 3009 1072 3040 ···.
1086 2972 1122 3024 24

77 3056 321 3110 homoeoteleuton
340 3057 373 3109 23
676 3072 730 3110 non
750 3058 818 3125 quio
901 3059 949 3113 aed
966 3059 1094 3129 quereiam
1112 3061 1148 3113 24

76 3143 202 3198 inde...
222 3146 292 3214 quod
310 3147 345 3198 32
676 3161 732 3200 aon
750 3152 782 3201 ut
866 3146 913 3200 aed
930 3148 998 3216 quio
1015 3149 1051 3200 24

77 3233 240 3287 indicativus
265 3238 330 3300 post
347 3250 402 3288 aon
419 3236 486 3305 quia
505 3237 538 3289 19
551 3253 586 3292 ss.
676 3236 735 3289 sice
753 3237 821 3302 quia
834 3276 840 3289 .
854 3276 860 3288 .
875 3275 881 3289 .
899 3235 956 3290 eive
974 3238 1041 3305 quio
1060 3238 1094 3290 14

76 3320 240 3375 indicativus
259 3327 323 3390 post
336 3324 421 3377 verba
439 3323 586 3379 affectuum
641 3322 740 3391 quibus
757 3327 786 3377 et
804 3325 871 3392 quio
893 3323 1006 3379 confusa
1026 3327 1059 3379 18
1082 3326 1146 3387 adn.

112 3412 145 3463 41
158 3428 192 3463 ss,
640 3412 725 3480 quod
743 3414 778 3465 25
797 3430 831 3466 ss.

76 3498 240 3554 indicativus
259 3504 322 3567 pest
340 3500 424 3553 verba
437 3501 582 3570 laudandi,
639 3501 725 3569 quod
743 3502 939 3569 explicativum
956 3504 991 3556 26
1005 3520 1039 3556 ss.

111 3588 326 3658 reprehendendi
342 3589 378 3642 44
675 3591 846 3644 substantiva
884 3591 1057 3659 explicantur
1095 3609 1147 3661 per

75 3676 239 3731 indicativus
257 3682 322 3745 post
339 3694 393 3732 aon
411 3678 483 3745 quod
503 3681 538 3733 45
746 3680 816 3749 quod
833 3681 868 3733 26
878 3698 899 3734 s.

76 3767 164 3820 oratio
184 3766 295 3834 obliqua
313 3765 355 3820 25.
373 3768 417 3824 44.
435 3768 479 3820 46.
499 3768 534 3820 54
674 3769 874 3822 substantivum
896 3785 958 3823 cum
980 3769 1143 3837 pronomine

75 3853 247 3920 parenthesis
266 3856 301 3907 24
744 3858 920 3911 coniunctum
930 3858 1082 3926 explicatur
1094 3876 1145 3927 per

76 3942 207 4008 quondo
225 3945 303 3996 54ss.
743 3946 815 4014 quod
833 3947 868 3999 27
878 3963 899 4000 s.

75 4030 206 4098 quando
225 4031 356 4099 quidem
374 4033 408 4085 56
708 4050 737 4088 ee
755 4036 864 4089 nomine
882 4077 888 4089 .
903 4076 929 4090 ..
949 4035 1020 4103 qued
1037 4037 1073 4088 29

74 4120 190 4185 errando,
209 4135 269 4187 quo,
289 4121 353 4190 quoi
371 4120 483 4176 confusa
502 4123 537 4175 56
707 4123 755 4178 illo
772 4124 878 4177 nomine
965 4124 1090 4193 411οά28
