2782 4776
579 358 799 417 ...40-

157 535 229 615 puit
255 531 351 613 filios,
381 532 438 596 sed
462 532 590 614 elegit“.
625 530 692 598 VII
720 535 775 612 18,
801 534 833 610 33
864 551 913 612 ep.
937 552 978 594 m.
1003 533 1038 611 4,
1069 535 1103 610 23
1142 530 1223 612 „hoc

158 639 259 720 magis
285 687 292 701 .
319 688 325 701 .
353 689 358 700 .
384 638 491 720 0001ιι
517 637 692 702 invenimus
715 659 765 718 ep.
789 658 831 699 m.
857 641 909 717 73,
937 639 990 700 14:
1027 641 1080 721 ,et
1104 636 1167 701 hoc
1191 659 1223 702 se

159 748 260 828 magis
294 747 436 829 suspicit,
471 745 579 828 quod“
618 767 645 809 e.
670 766 701 826 q.
726 765 750 807 s.
800 744 881 827 „hoc
910 745 981 826 ipso
1012 795 1018 807 .
1046 795 1051 806 .
1078 793 1085 807 .
1116 745 1220 827 quedl

161 855 304 920 occurrit
328 854 509 935 (1171113,
535 858 568 916 5:
597 855 662 938 ,sic
686 852 828 935 quisquis
851 851 932 916 bene
957 852 996 916 de
1021 873 1054 916 se
1071 857 1224 934 meretur,

160 961 222 1025 hoc
245 962 316 1045 ipso
340 961 409 1025 aliis
432 960 576 1043 prodest,
601 946 687 1041 quod
709 958 770 1022 illis
785 957 988 1040 profuturum
1003 961 1130 1040 parat“.
1176 965 1227 1024 ter

161 1068 324 1151 praecedit
349 1066 481 1150 „ideo“:
519 1089 568 1148 ep.
593 1089 635 1132 m.
660 1071 713 1146 88,
740 1069 795 1130 3οε
834 1064 971 1149 ,bonurn
1000 1071 1107 1130 autem
1135 1089 1225 1131 suum

161 1175 234 1240 ideo
258 1175 403 1255 maxime,
432 1173 517 1255 quod
542 1173 635 1237 alicui
657 1172 744 1236 bono
768 1171 910 1235 futurum
935 1177 993 1252 est,
1018 1174 1133 1237 00001.α
1177 1197 1224 1256 ep¹

161 1278 900 1364 01.55,8;(1.Π12,2;(101)00.Π13,31).
940 1279 1102 1361 paululum
1117 1281 1158 1344 ab
1179 1282 1227 1344 his

166 1387 287 1451 distant
320 1386 473 1452 nonnulla
505 1386 663 1468 exempla,
698 1386 730 1448 in
763 1385 878 1469 quibus
913 1386 1024 1470 ,ideo“
1055 1388 1157 1468 magis
1187 1388 1228 1451 ad

163 1494 387 1558 antecedentia
414 1493 455 1556 sit
478 1492 678 1557 referendum
702 1514 860 1574 causaque
891 1514 973 1574 quae
1000 1493 1062 1556 iam
1086 1495 1227 1577 superio-

163 1601 251 1665 ribus
287 1601 468 1664 continetur
506 1621 562 1682 per
597 1600 796 1664 enuntiatum
833 1622 872 1663 ex
908 1599 1034 1681 ,0001α
1071 1601 1228 1683 particula

164 1729 353 1791 suspensum
392 1713 567 1790 repetatur.
626 1708 783 1790 praecipit
821 1707 918 1788 igitur
955 1709 1093 1790 quodam
1132 1711 1228 1774 modo

165 1837 293 1880 causam
323 1815 461 1896 scriptor
488 1836 583 1896 qnam
607 1835 680 1877 mox
703 1814 808 1878 denuo
833 1813 1016 1896 prolaturus
1041 1823 1099 1879 est.
1148 1838 1229 1898 quae

164 1922 248 1986 ratio
272 1921 374 1985 tribus
397 1921 567 2004 perspicua
589 1919 625 1983 fit
648 1920 744 1984 locis:
770 1920 808 1983 de
832 1920 1024 2003 11001118,
1050 1927 1087 1984 8ε
1113 1945 1230 2006 „quae-

166 2029 239 2093 dam
266 2034 402 2110 prosunt
425 2049 484 2091 000
509 2026 666 2107 obligant:
701 2026 796 2091 tuber
820 2025 949 2109 quidam
973 2029 1098 2111 tyranni
1123 2029 1230 2111 gladio

166 2135 285 2216 divisit,
321 2135 376 2216 qui
406 2134 447 2198 ad
476 2133 684 2198 occidendum
716 2155 787 2198 eum
818 2139 962 2216 venerat3
997 2156 1059 2198 non
1089 2135 1162 2201 ideo
1186 2136 1232 2200 illi

165 2248 317 2325 tyrannus
341 2241 460 2323 gratias
485 2240 559 2322 egit,
584 2241 671 2322 quod
693 2261 770 2319 rem,
796 2261 892 2322 quam
907 2241 1104 2305 medicorum
1119 2264 1233 2306 manus

165 2347 458 2429 reformirlaverant,
481 2347 626 2411 nocendo
644 2347 799 2410 sanavit“.
839 2346 878 2410 de
895 2346 966 2410 ben.
984 2347 1033 2415 VI
1049 2353 1079 2429 8,
1108 2352 1140 2411 l:
1168 2351 1234 2433 ,sic

167 2455 296 2536 qnidam
324 2454 417 2519 nobis
445 2460 597 2536 prosunt,
629 2453 705 2517 dum
732 2452 860 2533 nolunt,
890 2453 986 2517 immo
1011 2454 1086 2536 quia
1108 2455 1233 2536 nolunt,

166 2582 231 2624 non
254 2566 361 2625 tamen
384 2560 456 2624 ideo
479 2560 540 2624 illis
560 2559 748 2624 beneficium
765 2559 926 2641 debemus
951 2561 1036 2643 quod
1051 2563 1235 2643 perniciosa

167 2666 291 2731 illorum
316 2667 446 2731 consilia
468 2666 598 2730 fortuna
614 2665 741 2730 deflexit
756 2668 788 2729 in
804 2667 948 2730 meliust
985 2667 1015 2731 d.
1033 2668 1100 2735 VH
1118 2672 1171 2750 25,
1200 2675 1233 2732 1:

170 2775 220 2859 ,in
244 2773 410 2838 sublicium
434 2778 565 2856 pontem
588 2795 638 2837 me
662 2774 800 2838 transfer
824 2779 856 2838 et
877 2774 961 2838 inter
981 2780 1111 2857 egentes
1128 2775 1232 2841 abice:

167 2902 231 2946 non
260 2881 333 2946 ideo
363 2887 470 2945 tamen
494 2902 544 2945 me
569 2881 751 2963 despiciam,
785 2881 871 2962 quod
895 2881 926 2943 in
949 2880 1076 2946 illorum
1099 2904 1233 2948 numero

168 2988 356 3070 consedero,
390 2989 445 3071 qui
472 3010 600 3052 manum
628 2987 669 3051 ad
693 2988 808 3069 stipem
833 2989 1034 3070 porriguntl.
1081 2991 1234 3073 singulari

167 3117 264 3177 porro
292 3100 427 3178 propter
458 3095 626 3160 verborum
654 3095 895 3158 collocationem
919 3096 1079 3160 mentione
1104 3097 1233 3179 dignum

167 3202 294 3266 videtur
311 3224 360 3284 ep.
378 3225 419 3265 m.
436 3205 489 3281 45,
513 3207 548 3264 3:
577 3207 737 3286 „ceterum
754 3201 842 3283 quod
857 3201 955 3265 libros
971 3223 1060 3266 meos
1076 3203 1134 3266 tibi
1151 3205 1233 3268 mitti

169 3310 341 3392 desideras,
370 3332 435 3374 non
463 3311 563 3392 magis
585 3309 659 3374 ideo
684 3332 733 3373 me
758 3309 909 3374 disertum
932 3314 1021 3392 puto,
1052 3333 1147 3393 quam
1171 3311 1233 3376 for-

168 3438 291 3481 mosum
314 3418 479 3500 putarem“
506 3438 534 3481 e.
551 3440 582 3499 q.
599 3439 623 3481 s.
670 3417 865 3499 praecedens
889 3417 1085 3485 enuntiatum
1110 3440 1149 3482 ex
1164 3440 1234 3500 par.-

168 3523 266 3587 ticu‘la
292 3523 417 3608 ,00011ιι
443 3528 553 3606 aptum
577 3524 714 3605 posthac
738 3528 888 3605 sequente
913 3523 1101 3587 correlative
1120 3525 1230 3608 „ideo“

169 3631 291 3698 nititur.
339 3631 444 3695 decies
468 3637 583 3714 quater
607 3631 741 3696 causalis
764 3632 921 3715 particula
946 3631 1071 3715 „quod“
1091 3633 1234 3715 sequitur

244 3807 265 3878 ¹)
284 3810 377 3878 recepi
397 3809 500 3863 Gertzii
520 3809 722 3863 coniecturam:
745 3827 813 3874 „uno
827 3811 909 3863 modo
929 3811 988 3863 istis
1001 3811 1233 3878 persuadebimus,

170 3917 206 3952 ne
225 3897 358 3952 beneficia
377 3917 424 3952 sua
437 3898 583 3952 insolentia
595 3899 722 3966 perdant,
743 3898 764 3950 si
784 3898 983 3952 ostenderimus
997 3917 1053 3952 non
1065 3899 1128 3953 ideo
1148 3900 1233 3954 videri

170 3988 281 4054 maiora,
301 3988 401 4055 quod
420 3987 611 4041 tumultuosius
631 3987 695 4040 data
714 3991 802 4053 sunt“,
822 3988 924 4056 quippe
945 4006 1015 4055 quac
1026 3989 1140 4056 propius
1160 4006 1233 4042 acce-

171 4075 219 4129 dat
238 4077 273 4129 ad
292 4077 394 4131 codicis
414 4076 440 4130 N
459 4077 623 4145 scripturam
646 4080 730 4144 „quo“
753 4095 834 4145 quam
853 4077 930 4145 quia
949 4076 1017 4130 illud
1035 4077 1172 4149 vulgatae.
