2782 4776
509 425 727 486 ..47-

86 601 211 688 „habeo
236 601 343 686 quod“
370 623 496 685 semper
524 601 727 684 excipiuntur
754 600 970 683 coniunctim,
1001 599 1097 664 etiarn
1120 598 1151 664 d.

83 710 122 774 X
146 716 175 792 l,
202 715 232 792 l,
265 710 319 775 ubi
347 711 373 773 si
400 715 487 774 recte
517 731 551 774 se
578 707 712 774 haberet
739 706 895 772 librorum
919 708 1087 791 scriptura,
1120 708 1152 772 iu

84 816 198 882 eodem
232 817 397 881 enuntiato
425 837 446 880 a
473 815 569 881 verbo
603 816 794 900 ,conqueri“
831 815 986 897 penderet
1016 815 1152 898 primum

82 924 282 1004 indicativus,
308 922 422 988 deinde
442 923 670 987 coniunctivus.
710 928 745 987 at
760 928 847 987 recte
863 920 1011 986 Gertzius
1027 921 1151 1006 Paulyo

82 1037 258 1113 praeeunte
288 1030 431 1117 (Zlcrlir.
456 1035 485 1111 f.
514 1041 615 1095 cestr.
645 1033 761 1111 Gyraa.
794 1033 877 1092 1876
909 1049 941 1111 p.
966 1033 1044 1107 813)
1078 1050 1152 1093 cou-

82 1138 257 1201 iunctivum
285 1137 435 1202 restituit.
482 1136 650 1218 legendum
682 1142 745 1202 est:
780 1135 908 1220 ,Maior
934 1157 1009 1217 pars
1032 1140 1151 1199 morta·

82 1244 170 1326 lium,
194 1244 339 1325 Pauline,
370 1244 410 1308 do
433 1250 566 1309 naturae
589 1244 789 1325 malignitate
812 1243 1031 1324 conqueritur,
1065 1243 1152 1325 quod

82 1352 118 1415 in
146 1351 294 1432 exiguum
322 1351 389 1416 aevi
417 1352 585 1433 gignuinur
613 1351 719 1434 (codd.
744 1349 927 1435 gignimur),
960 1350 1047 1432 quod
1073 1350 1152 1413 haec

82 1464 152 1522 tam
174 1460 337 1540 velociter,
361 1464 427 1523 tam
451 1459 563 1541 rapide
587 1458 655 1523 dati
677 1457 770 1522 nobis
792 1456 945 1540 temporis
970 1457 1074 1538 spatia
1098 1456 1151 1520 de·

83 1569 247 1631 cumant“.

581 1741 654 1827 53.

501 1917 740 2001 Quoniam.

155 2096 354 2182 „Quoniam“
400 2095 590 2179 particulam
629 2096 809 2180 septuagies
848 2102 898 2160 ter
935 2095 968 2158 in
1007 2094 1149 2160 Senecae

86 2205 212 2287 scriptis
235 2204 411 2268 invenimus
433 2205 636 2285 iunctamque
653 2224 778 2286 semper
794 2223 866 2266 curn
882 2203 1064 2282 indicativo,
1089 2203 1149 2266 nisi

86 2311 174 2394 quod
197 2311 296 2377 semel
319 2311 359 2374 de
376 2309 447 2374 ben.
464 2309 514 2375 lV
531 2315 562 2393 8,
588 2315 606 2373 3
631 2311 763 2393 ponitur
779 2309 1007 2392 coniunctivus,
1032 2309 1151 2392 dequo

85 2418 166 2483 infra
188 2417 335 2482 monebo.

152 2523 352 2606 Significatio
385 2523 562 2607 particulae
595 2524 785 2608 „quoniam“
815 2524 863 2602 (z
891 2545 986 2606 quom
1018 2524 1081 2588 iam
1110 2522 1150 2587 cf.

86 2631 298 2696 Schmalzium
321 2632 342 2696 l.
367 2652 395 2695 c.
419 2630 438 2717 ξ
463 2632 542 2717 276)
571 2638 607 2695 ut
634 2630 721 2712 apud
744 2629 885 2714 reliquos
909 2631 1081 2713 scriptores
1105 2631 1150 2694 sic

85 2740 170 2821 apud
194 2736 349 2803 Senecam
383 2760 421 2802 ea
449 2744 512 2820 est,
547 2743 583 2801 ut
612 2737 726 2802 afferat
755 2758 884 2802 causam
907 2737 1062 2820 aliquam,
1095 2737 1152 2801 sed

85 2866 216 2910 causam
245 2844 402 2927 omnibus,
434 2844 483 2908 vel
511 2844 623 2908 saltem
647 2844 703 2924 eis,
736 2842 924 2927 quibuscum
948 2844 1152 2926 colloqueris,

85 2952 161 3016 satis
192 2952 355 3034 cognitam
383 2951 431 3015 vel
459 2971 643 3015 concessam
671 2971 817 3034 quaeque
845 2950 887 3014 ad
911 2950 1065 3015 enuntiati
1089 2951 1151 3034 pri-

86 3059 175 3123 marii
203 3059 363 3124 actionem
391 3058 572 3122 accuratius
600 3057 832 3140 explanandam
855 3058 1024 3139 pertineat.
1070 3057 1152 3121 hanc

86 3171 191 3230 autem
222 3186 291 3230 esse
318 3165 526 3249 principalem
550 3165 642 3229 huius
666 3163 841 3248 particulae
865 3166 926 3228 vim
950 3170 1039 3229 recte
1064 3186 1149 3228 corn·

86 3271 204 3354 probat
232 3271 417 3354 Draegerus
449 3293 578 3354 quoque
606 3272 625 3337 l.
651 3294 679 3335 c.
703 3270 722 3356 ξ
747 3276 821 3335 532.
875 3277 986 3335 nostro
1018 3272 1151 3335 dicimus

87 3400 247 3444 sermone:
275 3379 338 3462 ,da
360 3401 425 3443 uun
450 3379 597 3459 einmal“,
625 3379 686 3464 „da
704 3379 770 3461 ja“,
798 3378 860 3463 „da
883 3379 1150 3460 zugestandeuer-

87 3489 243 3551 masseu“.
290 3508 372 3569 quae
400 3487 483 3551 ratio
508 3492 545 3549 ut
568 3486 651 3550 clare
674 3484 808 3569 patefiat
830 3485 861 3548 in
886 3484 1035 3567 Annaeo,
1064 3486 1152 3550 iuvat

88 3592 248 3674 proficisci
272 3592 313 3657 ab
330 3615 379 3674 ep.
397 3615 438 3656 in.
458 3599 487 3674 6,
515 3598 548 3657 7:
582 3593 727 3678 ,interim
751 3593 901 3675 quoniam
925 3592 1071 3656 diurnam
1094 3592 1152 3656 tibi

88 3700 300 3764 mercedulam
329 3698 442 3781 debeo,
473 3700 550 3782 quid
573 3722 622 3764 mc
646 3698 741 3764 hodie
765 3698 850 3782 apud
874 3699 1076 3764 Hecatonem
1100 3699 1152 3763 de-

88 3805 266 3888 lectaverit,
306 3807 442 3870 dicam“.
495 3806 664 3871 manifesto
699 3808 782 3871 enim
816 3806 878 3870 hoc
912 3807 986 3870 loco
1021 3806 1152 3889 respicit

88 3916 226 3996 scriptor
247 3935 314 3976 rem
332 3912 467 3993 Lucilio,
492 3913 533 3976 ad
557 3935 651 3995 quem
675 3913 770 3977 datae
791 3919 866 3976 suut
882 3914 1048 3995 epistulae,
1072 3913 1152 3978 bene

88 4027 294 4105 compertam.
341 4021 458 4085 cotidie
475 4021 558 4084 enim
574 4019 718 4103 epistulis
735 4020 800 4083 suis
816 4019 879 4084 tale
895 4020 1044 4085 lucellum
1060 4020 1151 4084 addit

89 4149 125 4191 ex
154 4127 354 4208 Stoicorum,
389 4128 621 4209 Epicureorum
654 4128 852 4210 aliorumque
885 4127 1148 4209 philosophorum
