2782 4776
573 430 611 438 -
659 397 769 455 gv..

134 567 307 649 scriptores
329 567 426 633 modo
451 566 603 650 adhiberi,
626 588 692 632 non
715 566 800 632 nulla
823 573 931 632 tamen
954 590 992 634 ex
1014 569 1108 634 huius
1131 591 1209 653 par·

135 673 251 738 ticulae
274 695 334 738 usu
357 679 508 757 poterunt
530 673 678 756 proferri,
704 696 785 757 quae
807 674 932 739 dicendi
948 677 1057 757 generi
1073 674 1211 742 Annaei

134 781 266 863 proprio
290 780 462 845 tribuenda
485 782 557 847 sint.
584 803 622 846 eo
646 786 753 845 autem
777 782 824 844 uti
841 781 952 846 ordine
968 783 1076 864 placet
1091 783 1125 847 in
1141 783 1210 848 hoc

137 888 250 970 capite,
287 893 323 952 ut
357 888 493 972 primum
523 889 569 952 vis
602 889 833 953 conirmctionis
867 894 899 953 et
931 891 1020 955 notio
1052 897 1210 958 accurate

136 979 315 1078 definiatur,
350 994 424 1059 dein
454 995 555 1060 altera
584 995 790 1078 proferantur
816 997 1019 1080 paragrapho
1049 1020 1131 1081 quae
1162 999 1209 1063 ad

136 1101 308 1184 specialem
343 1101 518 1184 particulae
553 1122 645 1166 usum
678 1104 850 1186 pertinent,
888 1104 974 1168 velut
1005 1127 1068 1187 quo
1102 1106 1209 1171 modo

137 1208 251 1291 „quia“
278 1229 350 1272 cum
373 1208 442 1273 aliis
466 1208 656 1275 societatem
678 1209 766 1274 ineat
788 1210 963 1292 particulis,
989 1233 1054 1293 qua
1076 1211 1208 1277 ratione

136 1335 207 1378 cum
238 1314 389 1379 membris
420 1315 630 1397 coniungatur
652 1317 729 1398 ipsis
754 1338 881 1399 quoque
907 1317 1085 1382 causalibus
1109 1318 1210 1384 aliter
1261 1332 1265 1338 '

134 1427 243 1486 tamen
265 1420 420 1504 formatis,
450 1443 514 1504 quo
542 1428 640 1505 pacto
663 1423 705 1487 ad
733 1425 847 1508 ,quia“
873 1425 1129 1490 coniunctionem
1153 1427 1210 1491 via

135 1529 227 1612 quasi
250 1528 412 1592 muniatur
433 1530 675 1612 pronominibus
692 1530 898 1613 correlativis,
921 1537 957 1595 ut
974 1533 1036 1597 alia
1051 1533 1114 1597 hoc
1130 1533 1208 1599 loco

137 1640 262 1700 taceam
286 1656 368 1718 quae
393 1657 465 1700 cum
488 1657 566 1701 cura
588 1642 764 1701 tractantes
790 1658 907 1720 operae
930 1639 1070 1720 pretinm
1085 1637 1210 1704 facturi

139 1763 208 1807 esse
231 1741 403 1806 videamur.

201 1848 399 1913 IParticula
418 1849 530 1934 ,quia“
550 1871 647 1914 causa
670 1848 816 1915 adfertur
831 1872 906 1915 vera
922 1856 1084 1934 certaque·
1112 1854 1208 1919 cuius

136 1955 224 2020 modi
248 1976 363 2021 causae
387 1957 596 2038 grammatici,
621 1963 658 2020 ut
680 1956 874 2021 Kuehnerus
897 1958 918 2020 l.
936 1979 963 2022 c.
988 1957 1007 2044 ξ
1031 1963 1139 2040 aaa]
1171 1967 1209 2025 et

136 2062 326 2144 Kruegerus
358 2060 522 2145 ,Gramm
548 2063 578 2127 d.
602 2063 658 2129 lat.
684 2062 778 2146 Spr.“
804 2063 822 2150 ξ
848 2068 921 2144 597,
945 2069 964 2128 2
989 2064 1067 2130 duas
1092 2066 1207 2131 distin-

137 2174 240 2251 guunt
256 2171 388 2252 species,
412 2191 545 2252 quarum
562 2170 664 2236 altera
685 2191 766 2252 quae
782 2170 981 2254 philosophis
997 2172 1087 2236 audit
1104 2194 1208 2240 causa

138 2275 271 2360 ,realis“
297 2276 381 2361 (eine
408 2275 568 2363 Ursache)
601 2282 728 2359 spectat
758 2277 799 2342 ad
830 2299 880 2343 res
914 2299 995 2361 qnae
1024 2284 1115 2344 extra
1142 2303 1206 2347 nos

135 2387 210 2446 sunt
232 2383 364 2465 positae,
400 2383 503 2448 altera
537 2405 618 2466 quae
649 2383 829 2467 appellatur
861 2406 958 2449 causa
984 2407 1113 2451 movens
1138 2387 1207 2468 (ein

136 2488 375 2576 Beweggrund)
399 2489 441 2554 ad
464 2495 590 2554 nosmet
612 2490 699 2573 ipsos
722 2492 871 2573 pertinet,
902 2491 936 2555 id
960 2493 1063 2556 estin
1088 2500 1206 2560 nostra

135 2601 281 2660 versatur
304 2596 476 2660 voluntate.
508 2601 542 2659 at
558 2597 585 2660 si
599 2618 710 2662 verum
730 2598 856 2679 quaeris
880 2597 976 2680 logici
998 2599 1098 2681 magis
1121 2599 1206 2666 haec

137 2701 300 2766 distinctio
318 2702 522 2767 emolumenti
546 2707 594 2767 est
618 2724 712 2785 quam
736 2724 823 2768 mere
840 2705 1050 2786 grammatici.
1075 2727 1150 2770 nam
1166 2715 1206 2773 ut

135 2807 361 2890 philosophum
384 2807 466 2873 scire
495 2808 628 2872 multum
654 2809 804 2890 interest,
837 2815 943 2874 utrum
972 2831 1068 2876 causa
1094 2812 1207 2896 aliqua

139 2913 271 2999 ,realisl
288 2911 339 2979 'an
365 2914 531 2999 ,movens“
557 2914 707 2980 habenda
730 2916 781 2997 sit,
805 2916 852 2980 ita
875 2918 1113 2999 grammaticam
1130 2940 1204 3001 spe-

136 3022 236 3085 ctanti
251 3022 409 3086 rationem
431 3021 531 3086 multo
547 3023 676 3087 minoris
692 3022 852 3087 videbitur
867 3022 930 3088 hoc
947 3024 1116 3090 discrimen
1132 3047 1203 3091 rno-

135 3127 247 3208 menti,
283 3127 310 3192 si
333 3135 441 3193 tamen
466 3128 580 3211 „quia“
606 3128 765 3211 particula
799 3130 919 3211 pariter
953 3129 995 3194 ad
1029 3137 1205 3216 utrumque

137 3256 252 3298 causae
275 3255 375 3318 genus
395 3234 565 3301 adhibetur
581 3234 831 3318 exprimendum.
867 3237 952 3319 quod
969 3237 1063 3302 facile
1078 3239 1203 3306 intelle-

137 3348 229 3424 getur
260 3343 286 3407 si
312 3341 523 3407 luculentiora
554 3342 676 3425 aliquot
702 3345 867 3427 utriusque
900 3346 1024 3427 generis
1055 3348 1205 3429 exempla

136 3448 347 3532 adscripsero.
387 3449 501 3532 quibus
517 3450 719 3532 perlustratis
737 3451 861 3535 reliqua
877 3451 1012 3517 sufficiet
1029 3453 1103 3517 solis
1120 3454 1203 3519 indi-

137 3576 225 3620 casse
248 3555 392 3621 looorum
414 3556 553 3622 numeris
577 3577 616 3620 ex
640 3556 752 3622 ordine
774 3558 929 3623 librorum
953 3559 1117 3642 disposita.

153 3680 349 3690 -ffln—

138 3749 232 3818 ,quia“
254 3749 438 3804 accusativum
451 3750 521 3817 plur.
540 3754 629 3804 neutr.
648 3751 819 3818 pronominis
832 3753 942 3806 relativi
955 3770 1014 3807 esse
1027 3759 1203 3821 censuerunt,

137 3838 169 3892 cf.
196 3838 417 3906 „quiapropter“‚
442 3839 500 3904 alii,
530 3842 561 3891 ut
585 3838 702 3893 Stolzius
730 3840 759 3892 in
781 3841 852 3894 libro
877 3842 924 3909 qui
949 3842 1108 3895 inscribitur
1138 3842 1203 3906 „lat

135 3926 299 3981 Lautlehrc“
314 3926 483 3995 Nordlingac
497 3928 538 3983 cd.
559 3946 582 3980 a.
603 3929 672 3980 1885
692 3929 782 3994 §alb
802 3929 854 3996 (Iv.
867 3930 995 3983 Muellori
1011 3930 1154 3994 „Handb.“
1172 3931 1204 3984 ΙΙ

136 4033 163 4083 p.
177 4012 241 4085 216)
262 4015 355 4083 „quia“
376 4015 611 4070 instrumentalem
631 4033 723 4070 casum
736 4018 862 4072 arbitrati
881 4023 944 4072 suut
958 4019 1050 4086 stirpis
1069 4019 1204 4075 relativae-

139 4103 215 4171 „qui“
237 4104 336 4158 collata
354 4122 422 4159 voce
442 4105 577 4159 sanskrita
588 4105 666 4174 haya.
